
	<marc:record>
		<marc:leader>01909nam a2200469 c 4500</marc:leader>
		<marc:controlfield tag="001">a5897022</marc:controlfield>
		<marc:controlfield tag="003">SpMaBN</marc:controlfield>
		<marc:controlfield tag="005">20170303100046.6</marc:controlfield>
		<marc:controlfield tag="008">170221s2016    sp            000 j spa  </marc:controlfield>
		<marc:datafield tag="015" ind1=" " ind2=" ">
			<marc:subfield code="a">MON1702</marc:subfield>
		</marc:datafield>
		<marc:datafield tag="017" ind1=" " ind2=" ">
			<marc:subfield code="a">B 10080-2016</marc:subfield>
			<marc:subfield code="b">Oficina Depósito Legal Barcelona</marc:subfield>
		</marc:datafield>
		<marc:datafield tag="020" ind1=" " ind2=" ">
			<marc:subfield code="a">978-84-15999-94-2</marc:subfield>
			<marc:subfield code="q">obra completa</marc:subfield>
		</marc:datafield>
		<marc:datafield tag="020" ind1=" " ind2=" ">
			<marc:subfield code="a">978-84-15999-91-1</marc:subfield>
			<marc:subfield code="q">v. 1</marc:subfield>
		</marc:datafield>
		<marc:datafield tag="020" ind1=" " ind2=" ">
			<marc:subfield code="a">978-84-15999-92-8</marc:subfield>
			<marc:subfield code="q">v. 2</marc:subfield>
		</marc:datafield>
		<marc:datafield tag="020" ind1=" " ind2=" ">
			<marc:subfield code="a">978-84-15999-93-5</marc:subfield>
			<marc:subfield code="q">v. 3</marc:subfield>
		</marc:datafield>
		<marc:datafield tag="035" ind1=" " ind2=" ">
			<marc:subfield code="a">(OCoLC)974534743</marc:subfield>
		</marc:datafield>
		<marc:datafield tag="040" ind1=" " ind2=" ">
			<marc:subfield code="a">SpMaBN</marc:subfield>
			<marc:subfield code="b">spa</marc:subfield>
			<marc:subfield code="c">SpMaBN</marc:subfield>
			<marc:subfield code="e">rdc</marc:subfield>
		</marc:datafield>
		<marc:datafield tag="041" ind1="1" ind2=" ">
			<marc:subfield code="a">spa</marc:subfield>
			<marc:subfield code="h">eng</marc:subfield>
		</marc:datafield>
		<marc:datafield tag="080" ind1=" " ind2=" ">
			<marc:subfield code="a">821.111(73)-31"19"</marc:subfield>
		</marc:datafield>
		<marc:datafield tag="100" ind1="1" ind2=" ">
			<marc:subfield code="a">Lovecraft, H. P.</marc:subfield>
			<marc:subfield code="q">(Howard Phillips)</marc:subfield>
			<marc:subfield code="d">1890-1937</marc:subfield>
			<marc:subfield code="e">author</marc:subfield>
			<marc:subfield code="4">aut</marc:subfield>
			<marc:subfield code="1">http://viaf.org/viaf/66470391</marc:subfield>
		</marc:datafield>
		<marc:datafield tag="243" ind1="1" ind2="0">
			<marc:subfield code="a">Cuentos</marc:subfield>
			<marc:subfield code="l">Spanish</marc:subfield>
		</marc:datafield>
		<marc:datafield tag="245" ind1="1" ind2="0">
			<marc:subfield code="a">Narrativa completa</marc:subfield>
			<marc:subfield code="c">H. P. Lovecraft ; translation Francesc Lluis Cardona, Yenis Ochoa</marc:subfield>
		</marc:datafield>
		<marc:datafield tag="260" ind1=" " ind2=" ">
			<marc:subfield code="a">Santa Perpetua de Mogoda, Barcelona</marc:subfield>
			<marc:subfield code="b">Olmak Trade</marc:subfield>
			<marc:subfield code="c">D.L. 2016</marc:subfield>
		</marc:datafield>
		<marc:datafield tag="300" ind1=" " ind2=" ">
			<marc:subfield code="a">3 volumes (1360 pages)</marc:subfield>
			<marc:subfield code="c">24 cm</marc:subfield>
		</marc:datafield>
		<marc:datafield tag="336" ind1=" " ind2=" ">
			<marc:subfield code="a">Text (visual)</marc:subfield>
			<marc:subfield code="2">isbdcontent</marc:subfield>
		</marc:datafield>
		<marc:datafield tag="337" ind1=" " ind2=" ">
			<marc:subfield code="a">unmediated</marc:subfield>
			<marc:subfield code="2">isbdmedia</marc:subfield>
		</marc:datafield>
		<marc:datafield tag="380" ind1=" " ind2=" ">
			<marc:subfield code="a">Short story</marc:subfield>
		</marc:datafield>
		<marc:datafield tag="490" ind1="0" ind2=" ">
			<marc:subfield code="a">Colección abierta</marc:subfield>
			<marc:subfield code="v">70</marc:subfield>
		</marc:datafield>
		<marc:datafield tag="596" ind1=" " ind2=" ">
			<marc:subfield code="a">On the coverpage: BookTrade</marc:subfield>
		</marc:datafield>
		<marc:datafield tag="597" ind1=" " ind2=" ">
			<marc:subfield code="a">Saved in box</marc:subfield>
		</marc:datafield>
		<marc:datafield tag="650" ind1=" " ind2="4">
			<marc:subfield code="a">Collections</marc:subfield>
		</marc:datafield>
		<marc:datafield tag="650" ind1=" " ind2="4">
			<marc:subfield code="a">Horror tales, American</marc:subfield>
		</marc:datafield>
		<marc:datafield tag="655" ind1=" " ind2="4">
			<marc:subfield code="a">Short stories</marc:subfield>
		</marc:datafield>
		<marc:datafield tag="655" ind1=" " ind2="4">
			<marc:subfield code="a">Fiction</marc:subfield>
		</marc:datafield>
		<marc:datafield tag="655" ind1=" " ind2="4">
			<marc:subfield code="a">Horror</marc:subfield>
		</marc:datafield>
		<marc:datafield tag="655" ind1=" " ind2="4">
			<marc:subfield code="a">Fantasy</marc:subfield>
		</marc:datafield>
		<marc:datafield tag="655" ind1=" " ind2="4">
			<marc:subfield code="a">Science fiction</marc:subfield>
		</marc:datafield>
		<marc:datafield tag="700" ind1="1" ind2="2">
			<marc:subfield code="a">Lovecraft, H. P.</marc:subfield>
			<marc:subfield code="q">(Howard Phillips)</marc:subfield>
			<marc:subfield code="d">1890-1937</marc:subfield>
			<marc:subfield code="t">What the Moon Brings</marc:subfield>
			<marc:subfield code="l">Spanish</marc:subfield>
			<marc:subfield code="1">http://www.isfdb.org/cgi-bin/title.cgi?69023</marc:subfield>
		</marc:datafield>
		<marc:datafield tag="700" ind1="1" ind2="2">
			<marc:subfield code="a">Lovecraft, H. P.</marc:subfield>
			<marc:subfield code="q">(Howard Phillips)</marc:subfield>
			<marc:subfield code="d">1890-1937</marc:subfield>
			<marc:subfield code="t">The Alchemist</marc:subfield>
			<marc:subfield code="l">Spanish</marc:subfield>
			<marc:subfield code="1">http://viaf.org/viaf/312530647</marc:subfield>
		</marc:datafield>
		<marc:datafield tag="700" ind1="1" ind2="2">
			<marc:subfield code="a">Lovecraft, H. P.</marc:subfield>
			<marc:subfield code="q">(Howard Phillips)</marc:subfield>
			<marc:subfield code="d">1890-1937</marc:subfield>
			<marc:subfield code="t">The Silver Key</marc:subfield>
			<marc:subfield code="l">Spanish</marc:subfield>
			<marc:subfield code="1">http://www.isfdb.org/cgi-bin/title.cgi?41900</marc:subfield>
		</marc:datafield>
		<marc:datafield tag="700" ind1="1" ind2=" ">
			<marc:subfield code="a">Cardona Castro, Francisco Luis</marc:subfield>
			<marc:subfield code="d">1940-</marc:subfield>
			<marc:subfield code="e">translator</marc:subfield>
			<marc:subfield code="4">trl</marc:subfield>
			<marc:subfield code="1">http://viaf.org/viaf/87467735</marc:subfield>
		</marc:datafield>
		<marc:datafield tag="700" ind1="1" ind2=" ">
			<marc:subfield code="a">Ochoa, Yenis</marc:subfield>
			<marc:subfield code="e">translator</marc:subfield>
			<marc:subfield code="4">trl</marc:subfield>
			<marc:subfield code="1">http://viaf.org/viaf/1147370703541442222</marc:subfield>
		</marc:datafield>
	</marc:record>