
	<marc:record>
		<marc:leader>01940nam a2200421 c 4500</marc:leader>
		<marc:controlfield tag="001">a5802724</marc:controlfield>
		<marc:controlfield tag="003">SpMaBN</marc:controlfield>
		<marc:controlfield tag="005">20160530085836.2</marc:controlfield>
		<marc:controlfield tag="008">160523s2016    sp     | |||| 000 j spa  </marc:controlfield>
		<marc:datafield tag="015" ind1=" " ind2=" ">
			<marc:subfield code="a">MON1605</marc:subfield>
		</marc:datafield>
		<marc:datafield tag="017" ind1=" " ind2=" ">
			<marc:subfield code="a">B 2801-2016</marc:subfield>
			<marc:subfield code="b">Oficina Depósito Legal Barcelona</marc:subfield>
		</marc:datafield>
		<marc:datafield tag="020" ind1=" " ind2=" ">
			<marc:subfield code="a">978-84-15089-97-1</marc:subfield>
		</marc:datafield>
		<marc:datafield tag="035" ind1=" " ind2=" ">
			<marc:subfield code="a">(OCoLC)951096800</marc:subfield>
		</marc:datafield>
		<marc:datafield tag="040" ind1=" " ind2=" ">
			<marc:subfield code="a">SpMaBN</marc:subfield>
			<marc:subfield code="b">spa</marc:subfield>
			<marc:subfield code="c">SpMaBN</marc:subfield>
			<marc:subfield code="e">rdc</marc:subfield>
		</marc:datafield>
		<marc:datafield tag="041" ind1="1" ind2=" ">
			<marc:subfield code="a">spa</marc:subfield>
			<marc:subfield code="h">eng</marc:subfield>
		</marc:datafield>
		<marc:datafield tag="080" ind1=" " ind2=" ">
			<marc:subfield code="a">821.111(73)-322.9"18"</marc:subfield>
		</marc:datafield>
		<marc:datafield tag="100" ind1="1" ind2=" ">
			<marc:subfield code="a">Lovecraft, H. P.</marc:subfield>
			<marc:subfield code="q">(Howard Phillips)</marc:subfield>
			<marc:subfield code="d">1890-1937</marc:subfield>
			<marc:subfield code="e">author</marc:subfield>
			<marc:subfield code="4">aut</marc:subfield>
			<marc:subfield code="1">http://viaf.org/viaf/66470391</marc:subfield>
		</marc:datafield>
		<marc:datafield tag="243" ind1="1" ind2="0">
			<marc:subfield code="a">Cuentos</marc:subfield>
			<marc:subfield code="l">Spanish</marc:subfield>
		</marc:datafield>
		<marc:datafield tag="245" ind1="1" ind2="0">
			<marc:subfield code="a">Antología de relatos de terror</marc:subfield>
			<marc:subfield code="c">H.P. Lovecraft ; translation by Benjamin Briggent</marc:subfield>
		</marc:datafield>
		<marc:datafield tag="260" ind1=" " ind2=" ">
			<marc:subfield code="a">Barberà del Vallés, Barcelona</marc:subfield>
			<marc:subfield code="b">Plutón</marc:subfield>
			<marc:subfield code="c">D.L. 2016</marc:subfield>
		</marc:datafield>
		<marc:datafield tag="300" ind1=" " ind2=" ">
			<marc:subfield code="a">219 pages</marc:subfield>
			<marc:subfield code="c">23 cm</marc:subfield>
		</marc:datafield>
		<marc:datafield tag="336" ind1=" " ind2=" ">
			<marc:subfield code="a">Text (visual)</marc:subfield>
			<marc:subfield code="2">isbdcontent</marc:subfield>
		</marc:datafield>
		<marc:datafield tag="337" ind1=" " ind2=" ">
			<marc:subfield code="a">unmediated</marc:subfield>
			<marc:subfield code="2">isbdmedia</marc:subfield>
		</marc:datafield>
		<marc:datafield tag="380" ind1=" " ind2=" ">
			<marc:subfield code="a">Short story</marc:subfield>
		</marc:datafield>
		<marc:datafield tag="490" ind1="0" ind2=" ">
			<marc:subfield code="a">Colección Travesía</marc:subfield>
		</marc:datafield>
		<marc:datafield tag="650" ind1=" " ind2="4">
			<marc:subfield code="a">Cthulhu mythos</marc:subfield>
		</marc:datafield>
		<marc:datafield tag="650" ind1=" " ind2="4">
			<marc:subfield code="a">Anthologies</marc:subfield>
		</marc:datafield>
		<marc:datafield tag="650" ind1=" " ind2="4">
			<marc:subfield code="a">Horror tales</marc:subfield>
		</marc:datafield>
		<marc:datafield tag="655" ind1=" " ind2="4">
			<marc:subfield code="a">Novels</marc:subfield>
		</marc:datafield>
		<marc:datafield tag="655" ind1=" " ind2="4">
			<marc:subfield code="a">Fiction</marc:subfield>
		</marc:datafield>
		<marc:datafield tag="655" ind1=" " ind2="4">
			<marc:subfield code="a">Horror</marc:subfield>
		</marc:datafield>
		<marc:datafield tag="655" ind1=" " ind2="4">
			<marc:subfield code="a">Fantasy</marc:subfield>
		</marc:datafield>
		<marc:datafield tag="700" ind1="1" ind2="2">
			<marc:subfield code="a">Lovecraft, H. P.</marc:subfield>
			<marc:subfield code="q">(Howard Phillips)</marc:subfield>
			<marc:subfield code="d">1890-1937</marc:subfield>
			<marc:subfield code="t">The Dunwich Horror</marc:subfield>
			<marc:subfield code="l">Spanish</marc:subfield>
			<marc:subfield code="1">http://viaf.org/viaf/4465153954873405680002</marc:subfield>
		</marc:datafield>
		<marc:datafield tag="700" ind1="1" ind2="2">
			<marc:subfield code="a">Lovecraft, H. P.</marc:subfield>
			<marc:subfield code="q">(Howard Phillips)</marc:subfield>
			<marc:subfield code="d">1890-1937</marc:subfield>
			<marc:subfield code="t">At the Mountains of Madness</marc:subfield>
			<marc:subfield code="l">Spanish</marc:subfield>
			<marc:subfield code="1">http://viaf.org/viaf/312341203</marc:subfield>
		</marc:datafield>
		<marc:datafield tag="700" ind1="1" ind2="2">
			<marc:subfield code="a">Lovecraft, H. P.</marc:subfield>
			<marc:subfield code="q">(Howard Phillips)</marc:subfield>
			<marc:subfield code="d">1890-1937</marc:subfield>
			<marc:subfield code="t">The Call of Cthulhu</marc:subfield>
			<marc:subfield code="l">Spanish</marc:subfield>
			<marc:subfield code="1">http://viaf.org/viaf/306129374</marc:subfield>
		</marc:datafield>
		<marc:datafield tag="700" ind1="1" ind2="2">
			<marc:subfield code="a">Lovecraft, H. P.</marc:subfield>
			<marc:subfield code="q">(Howard Phillips)</marc:subfield>
			<marc:subfield code="d">1890-1937</marc:subfield>
			<marc:subfield code="t">Dagon</marc:subfield>
			<marc:subfield code="l">Spanish</marc:subfield>
			<marc:subfield code="1">http://www.isfdb.org/cgi-bin/title.cgi?41865</marc:subfield>
		</marc:datafield>
		<marc:datafield tag="700" ind1="1" ind2="2">
			<marc:subfield code="a">Lovecraft, H. P.</marc:subfield>
			<marc:subfield code="q">(Howard Phillips)</marc:subfield>
			<marc:subfield code="d">1890-1937</marc:subfield>
			<marc:subfield code="t">The Cats of Ulthar</marc:subfield>
			<marc:subfield code="l">Spanish</marc:subfield>
			<marc:subfield code="1">http://www.isfdb.org/cgi-bin/title.cgi?41872</marc:subfield>
		</marc:datafield>
		<marc:datafield tag="700" ind1="1" ind2="2">
			<marc:subfield code="a">Lovecraft, H. P.</marc:subfield>
			<marc:subfield code="q">(Howard Phillips)</marc:subfield>
			<marc:subfield code="d">1890-1937</marc:subfield>
			<marc:subfield code="t">The Shadow Out of Time</marc:subfield>
			<marc:subfield code="l">Spanish</marc:subfield>
			<marc:subfield code="1">http://www.isfdb.org/cgi-bin/title.cgi?47935</marc:subfield>
		</marc:datafield>
		<marc:datafield tag="700" ind1="1" ind2=" ">
			<marc:subfield code="a">Briggent, Benjamin</marc:subfield>
			<marc:subfield code="e">translator</marc:subfield>
			<marc:subfield code="4">trl</marc:subfield>
			<marc:subfield code="1">http://viaf.org/viaf/305867914</marc:subfield>
		</marc:datafield>
	</marc:record>