
	<marc:record>
		<marc:leader>01449nam a2200385 c 4500</marc:leader>
		<marc:controlfield tag="001">a5684588</marc:controlfield>
		<marc:controlfield tag="003">SpMaBN</marc:controlfield>
		<marc:controlfield tag="005">20151229171457.3</marc:controlfield>
		<marc:controlfield tag="008">150907s2015    sp     | |||| 000 f spa  </marc:controlfield>
		<marc:datafield tag="015" ind1=" " ind2=" ">
			<marc:subfield code="a">MON1509</marc:subfield>
		</marc:datafield>
		<marc:datafield tag="017" ind1=" " ind2=" ">
			<marc:subfield code="a">B 15657-2015</marc:subfield>
			<marc:subfield code="b">Oficina Depósito Legal Barcelona</marc:subfield>
		</marc:datafield>
		<marc:datafield tag="020" ind1=" " ind2=" ">
			<marc:subfield code="a">978-84-322-2516-1</marc:subfield>
		</marc:datafield>
		<marc:datafield tag="035" ind1=" " ind2=" ">
			<marc:subfield code="a">(OCoLC)927709838</marc:subfield>
		</marc:datafield>
		<marc:datafield tag="040" ind1=" " ind2=" ">
			<marc:subfield code="a">SpMaBN</marc:subfield>
			<marc:subfield code="b">spa</marc:subfield>
			<marc:subfield code="c">SpMaBN</marc:subfield>
			<marc:subfield code="e">rdc</marc:subfield>
		</marc:datafield>
		<marc:datafield tag="041" ind1="1" ind2=" ">
			<marc:subfield code="a">spa</marc:subfield>
			<marc:subfield code="h">eng</marc:subfield>
		</marc:datafield>
		<marc:datafield tag="080" ind1=" " ind2=" ">
			<marc:subfield code="a">821.111(73)-31"19"</marc:subfield>
		</marc:datafield>
		<marc:datafield tag="100" ind1="1" ind2=" ">
			<marc:subfield code="a">Lovecraft, H. P.</marc:subfield>
			<marc:subfield code="q">(Howard Phillips)</marc:subfield>
			<marc:subfield code="d">1890-1937</marc:subfield>
			<marc:subfield code="e">author</marc:subfield>
			<marc:subfield code="4">aut</marc:subfield>
			<marc:subfield code="1">http://viaf.org/viaf/66470391</marc:subfield>
		</marc:datafield>
		<marc:datafield tag="245" ind1="1" ind2="0">
			<marc:subfield code="a">En las montañas de la locura</marc:subfield>
			<marc:subfield code="c">H. P. Lovecraft ; translation by Calvert Casey</marc:subfield>
		</marc:datafield>
		<marc:datafield tag="250" ind1=" " ind2=" ">
			<marc:subfield code="a">1ª ed.</marc:subfield>
		</marc:datafield>
		<marc:datafield tag="260" ind1=" " ind2=" ">
			<marc:subfield code="a">Barcelona</marc:subfield>
			<marc:subfield code="b">Austral</marc:subfield>
			<marc:subfield code="c">2015</marc:subfield>
		</marc:datafield>
		<marc:datafield tag="300" ind1=" " ind2=" ">
			<marc:subfield code="a">185 pages</marc:subfield>
			<marc:subfield code="c">19 cm</marc:subfield>
		</marc:datafield>
		<marc:datafield tag="336" ind1=" " ind2=" ">
			<marc:subfield code="a">Text (visual)</marc:subfield>
			<marc:subfield code="2">isbdcontent</marc:subfield>
		</marc:datafield>
		<marc:datafield tag="337" ind1=" " ind2=" ">
			<marc:subfield code="a">unmediated</marc:subfield>
			<marc:subfield code="2">isbdmedia</marc:subfield>
		</marc:datafield>
		<marc:datafield tag="380" ind1=" " ind2=" ">
			<marc:subfield code="a">Novel</marc:subfield>
		</marc:datafield>
		<marc:datafield tag="490" ind1="0" ind2=" ">
			<marc:subfield code="a">Contemporánea. Narrativa</marc:subfield>
		</marc:datafield>
		<marc:datafield tag="500" ind1=" " ind2=" ">
			<marc:subfield code="a">On the spine: 883</marc:subfield>
		</marc:datafield>
		<marc:datafield tag="534" ind1=" " ind2=" ">
			<marc:subfield code="p">Original published</marc:subfield>
			<marc:subfield code="a">Lovecraft, H. P.</marc:subfield>
			<marc:subfield code="t">At the mountains of madness.</marc:subfield>
		</marc:datafield>
		<marc:datafield tag="650" ind1=" " ind2="4">
			<marc:subfield code="a">Horror tales, American</marc:subfield>
		</marc:datafield>
		<marc:datafield tag="655" ind1=" " ind2="4">
			<marc:subfield code="a">Short stories</marc:subfield>
		</marc:datafield>
		<marc:datafield tag="655" ind1=" " ind2="4">
			<marc:subfield code="a">Fiction</marc:subfield>
		</marc:datafield>
		<marc:datafield tag="655" ind1=" " ind2="4">
			<marc:subfield code="a">Fantasy</marc:subfield>
		</marc:datafield>
		<marc:datafield tag="655" ind1=" " ind2="4">
			<marc:subfield code="a">Horror</marc:subfield>
		</marc:datafield>
		<marc:datafield tag="655" ind1=" " ind2="4">
			<marc:subfield code="a">Sciene fiction</marc:subfield>
		</marc:datafield>
		<marc:datafield tag="700" ind1="1" ind2=" ">
			<marc:subfield code="a">Lovecraft, H. P.</marc:subfield>
			<marc:subfield code="q">(Howard Phillips)</marc:subfield>
			<marc:subfield code="d">1890-1937</marc:subfield>
			<marc:subfield code="i">free translation of work</marc:subfield>
			<marc:subfield code="t">At the Mountains of Madness</marc:subfield>
			<marc:subfield code="l">Spanish</marc:subfield>
			<marc:subfield code="1">http://viaf.org/viaf/312341203</marc:subfield>
			<marc:subfield code="4">http://rdaregistry.info/Elements/w/freeTranslationOfWork.en</marc:subfield>
		</marc:datafield>
		<marc:datafield tag="700" ind1="1" ind2=" ">
			<marc:subfield code="a">Casey, Calvert</marc:subfield>
			<marc:subfield code="d">1924-1969</marc:subfield>
			<marc:subfield code="e">translator</marc:subfield>
			<marc:subfield code="4">trl</marc:subfield>
			<marc:subfield code="1">http://viaf.org/viaf/73979477</marc:subfield>
		</marc:datafield>
	</marc:record>