
	<marc:record>
		<marc:leader>06869nam a2200937Ii 4500</marc:leader>
		<marc:controlfield tag="001">ocn989963912</marc:controlfield>
		<marc:controlfield tag="003">OCoLC</marc:controlfield>
		<marc:controlfield tag="005">20180216084942.0</marc:controlfield>
		<marc:controlfield tag="008">170610s2018    nyu           000 1 eng d</marc:controlfield>
		<marc:datafield tag="040" ind1=" " ind2=" ">
			<marc:subfield code="a">BTCTA</marc:subfield>
			<marc:subfield code="b">eng</marc:subfield>
			<marc:subfield code="c">BTCTA</marc:subfield>
			<marc:subfield code="d">BDX</marc:subfield>
			<marc:subfield code="d">YDX</marc:subfield>
			<marc:subfield code="e">rda</marc:subfield>
			<marc:subfield code="d">OQX</marc:subfield>
			<marc:subfield code="d">BKL</marc:subfield>
		</marc:datafield>
		<marc:datafield tag="019" ind1=" " ind2=" ">
			<marc:subfield code="a">989992370</marc:subfield>
		</marc:datafield>
		<marc:datafield tag="020" ind1=" " ind2=" ">
			<marc:subfield code="a">9781481483001</marc:subfield>
			<marc:subfield code="q">(paperback)</marc:subfield>
		</marc:datafield>
		<marc:datafield tag="020" ind1=" " ind2=" ">
			<marc:subfield code="a">1481483005</marc:subfield>
			<marc:subfield code="q">(paperback)</marc:subfield>
		</marc:datafield>
		<marc:datafield tag="035" ind1=" " ind2=" ">
			<marc:subfield code="a">(OCoLC)989963912</marc:subfield>
			<marc:subfield code="z">(OCoLC)989992370</marc:subfield>
		</marc:datafield>
		<marc:datafield tag="090" ind1=" " ind2=" ">
			<marc:subfield code="a">FICTION CAC</marc:subfield>
			<marc:subfield code="e">ME</marc:subfield>
		</marc:datafield>
		<marc:datafield tag="090" ind1=" " ind2=" ">
			<marc:subfield code="a">SCIENCE FICTION CAC</marc:subfield>
		</marc:datafield>
		<marc:datafield tag="100" ind1="1" ind2=" ">
			<marc:subfield code="a">Shvartsman, Alex</marc:subfield>
			<marc:subfield code="e">author</marc:subfield>
			<marc:subfield code="e">editor</marc:subfield>
			<marc:subfield code="e">writer of foreword</marc:subfield>
			<marc:subfield code="4">aut</marc:subfield>
			<marc:subfield code="4">edt</marc:subfield>
			<marc:subfield code="4">aui</marc:subfield>
			<marc:subfield code="1">http://viaf.org/viaf/34629447</marc:subfield>
		</marc:datafield>
		<marc:datafield tag="245" ind1="0" ind2="4">
			<marc:subfield code="a">The cackle of Cthulhu</marc:subfield>
			<marc:subfield code="c">edited by Alex Shvartsman</marc:subfield>
		</marc:datafield>
		<marc:datafield tag="264" ind1=" " ind2="1">
			<marc:subfield code="a">Riverdale, New York</marc:subfield>
			<marc:subfield code="b">Baen Books</marc:subfield>
			<marc:subfield code="c">2018</marc:subfield>
		</marc:datafield>
		<marc:datafield tag="300" ind1=" " ind2=" ">
			<marc:subfield code="a">265 pages</marc:subfield>
			<marc:subfield code="c">24 cm</marc:subfield>
		</marc:datafield>
		<marc:datafield tag="336" ind1=" " ind2=" ">
			<marc:subfield code="a">text</marc:subfield>
			<marc:subfield code="b">txt</marc:subfield>
			<marc:subfield code="2">rdacontent</marc:subfield>
			<marc:subfield code="0">http://id.loc.gov/vocabulary/contentTypes/txt</marc:subfield>
		</marc:datafield>
		<marc:datafield tag="337" ind1=" " ind2=" ">
			<marc:subfield code="a">unmediated</marc:subfield>
			<marc:subfield code="b">n</marc:subfield>
			<marc:subfield code="2">rdamedia</marc:subfield>
			<marc:subfield code="0">http://id.loc.gov/vocabulary/mediaTypes/n</marc:subfield>
		</marc:datafield>
		<marc:datafield tag="338" ind1=" " ind2=" ">
			<marc:subfield code="a">volume</marc:subfield>
			<marc:subfield code="b">nc</marc:subfield>
			<marc:subfield code="2">rdacarrier</marc:subfield>
			<marc:subfield code="0">http://id.loc.gov/vocabulary/carriers/nc</marc:subfield>
		</marc:datafield>
		<marc:datafield tag="380" ind1=" " ind2=" ">
			<marc:subfield code="a">Fiction</marc:subfield>
		</marc:datafield>
		<marc:datafield tag="520" ind1=" " ind2=" ">
			<marc:subfield code="a">"Top authors poke fun and pay tribute to H. P. Lovecraft's Cthulhu mythos"--Amazon.com</marc:subfield>
		</marc:datafield>
		<marc:datafield tag="505" ind1="0" ind2="0">
			<marc:subfield code="g">Foreword /</marc:subfield>
			<marc:subfield code="r">Alex Schvartsman --</marc:subfield>
			<marc:subfield code="t">The shunned trailer /</marc:subfield>
			<marc:subfield code="r"> Esther Friesner --</marc:subfield>
			<marc:subfield code="t">The captain in yellow /</marc:subfield>
			<marc:subfield code="r">David Vaughan --</marc:subfield>
			<marc:subfield code="t">My little old one /</marc:subfield>
			<marc:subfield code="r">Jody Lynn Nye --</marc:subfield>
			<marc:subfield code="t">Tales of a fourth grade shoggoth /</marc:subfield>
			<marc:subfield code="r">Kevin Wetmore --</marc:subfield>
			<marc:subfield code="t">Friday night at Brazee's /</marc:subfield>
			<marc:subfield code="r">Mike Resnick --</marc:subfield>
			<marc:subfield code="t">To whatever /</marc:subfield>
			<marc:subfield code="r">Shaenon K. Garrity --</marc:subfield>
			<marc:subfield code="t">The doom that came to Providence /</marc:subfield>
			<marc:subfield code="r">Brian Trent --</marc:subfield>
			<marc:subfield code="t">Explaining Cthulhu to grandma /</marc:subfield>
			<marc:subfield code="r">Alex Shvartsman --</marc:subfield>
			<marc:subfield code="t">The call of the pancake factory /</marc:subfield>
			<marc:subfield code="r">Ken Liu --</marc:subfield>
			<marc:subfield code="t">The Innsmouth of the south /</marc:subfield>
			<marc:subfield code="r">Rachael K. Jones --</marc:subfield>
			<marc:subfield code="t">WWRD /</marc:subfield>
			<marc:subfield code="r">Yvonne Navarro --</marc:subfield>
			<marc:subfield code="t">In the employee manual of madness /</marc:subfield>
			<marc:subfield code="r">G. Scott Huggins --</marc:subfield>
			<marc:subfield code="t">Shoggoth's old peculiar /</marc:subfield>
			<marc:subfield code="r">Neil Gaiman --</marc:subfield>
			<marc:subfield code="t">H. P. and me /</marc:subfield>
			<marc:subfield code="r">Gini Koch --</marc:subfield>
			<marc:subfield code="t">The greatest leader /</marc:subfield>
			<marc:subfield code="r">Aidan Doyle --</marc:subfield>
			<marc:subfield code="t">But someone's got to do it /</marc:subfield>
			<marc:subfield code="r">Konstantine Paradias --</marc:subfield>
			<marc:subfield code="t">The call of uncopyrighted intellectual property /</marc:subfield>
			<marc:subfield code="r">Amanda Helms --</marc:subfield>
			<marc:subfield code="t">Cthulhu, P. . /</marc:subfield>
			<marc:subfield code="r">by Laura Resnick --</marc:subfield>
			<marc:subfield code="t">A stiff bargain /</marc:subfield>
			<marc:subfield code="r">Matt Mikalatos --</marc:subfield>
			<marc:subfield code="t">The shadow over my dorm room /</marc:subfield>
			<marc:subfield code="r">Laura Pearlman --</marc:subfield>
			<marc:subfield code="t">The tingling madness /</marc:subfield>
			<marc:subfield code="r">Lucy A. Snyder --</marc:subfield>
			<marc:subfield code="t">The girl who loved Cthulhu /</marc:subfield>
			<marc:subfield code="r">Nick Mamatas --</marc:subfield>
			<marc:subfield code="t">About the authors.</marc:subfield>
		</marc:datafield>
		<marc:datafield tag="600" ind1="1" ind2="4">
			<marc:subfield code="a">Lovecraft, H. P.</marc:subfield>
			<marc:subfield code="q">(Howard Phillips)</marc:subfield>
			<marc:subfield code="d">1890-1937</marc:subfield>
			<marc:subfield code="x">Influence</marc:subfield>
			<marc:subfield code="1">http://viaf.org/viaf/66470391</marc:subfield>
		</marc:datafield>
		<marc:datafield tag="600" ind1="1" ind2="4">
			<marc:subfield code="a">Cthulhu</marc:subfield>
			<marc:subfield code="c">(Fictitious character)</marc:subfield>
			<marc:subfield code="1">http://viaf.org/viaf/43148874709149622928</marc:subfield>
		</marc:datafield>
		<marc:datafield tag="650" ind1=" " ind2="4">
			<marc:subfield code="a">Anthologies</marc:subfield>
		</marc:datafield>
		<marc:datafield tag="650" ind1=" " ind2="4">
			<marc:subfield code="a">Cthulhu mythos</marc:subfield>
		</marc:datafield>
		<marc:datafield tag="650" ind1=" " ind2="4">
			<marc:subfield code="a">Horror tales</marc:subfield>
		</marc:datafield>
		<marc:datafield tag="655" ind1=" " ind2="4">
			<marc:subfield code="a">Fiction</marc:subfield>
		</marc:datafield>
		<marc:datafield tag="655" ind1=" " ind2="4">
			<marc:subfield code="a">Parodies</marc:subfield>
		</marc:datafield>
		<marc:datafield tag="655" ind1=" " ind2="4">
			<marc:subfield code="a">Short stories</marc:subfield>
		</marc:datafield>
		<marc:datafield tag="655" ind1=" " ind2="4">
			<marc:subfield code="a">Horror</marc:subfield>
		</marc:datafield>
		<marc:datafield tag="655" ind1=" " ind2="4">
			<marc:subfield code="a">Science fiction</marc:subfield>
		</marc:datafield>
		<marc:datafield tag="655" ind1=" " ind2="4">
			<marc:subfield code="a">Fantasy</marc:subfield>
		</marc:datafield>
		<marc:datafield tag="700" ind1="1" ind2=" ">
			<marc:subfield code="a">Lovecraft, H. P.</marc:subfield>
			<marc:subfield code="q">(Howard Phillips)</marc:subfield>
			<marc:subfield code="d">1890-1937</marc:subfield>
			<marc:subfield code="i">Based on work</marc:subfield>
			<marc:subfield code="1">http://viaf.org/viaf/66470391</marc:subfield>
		</marc:datafield>
		<marc:datafield tag="700" ind1="1" ind2="2">
			<marc:subfield code="a">Friesner, Esther M.</marc:subfield>
			<marc:subfield code="e">author</marc:subfield>
			<marc:subfield code="4">aut</marc:subfield>
			<marc:subfield code="1">http://viaf.org/viaf/17910074</marc:subfield>
		</marc:datafield>
		<marc:datafield tag="700" ind1="1" ind2="2">
			<marc:subfield code="a">Friesner, Esther M.</marc:subfield>
			<marc:subfield code="t">The Shunned Trailer</marc:subfield>
			<marc:subfield code="1">http://www.isfdb.org/cgi-bin/title.cgi?89760</marc:subfield>
		</marc:datafield>
		<marc:datafield tag="700" ind1="1" ind2="2">
			<marc:subfield code="a">Vaughan, David</marc:subfield>
			<marc:subfield code="e">author</marc:subfield>
			<marc:subfield code="4">aut</marc:subfield>
			<marc:subfield code="1">http://www.isfdb.org/cgi-bin/ea.cgi?265565</marc:subfield>
		</marc:datafield>
		<marc:datafield tag="700" ind1="1" ind2="2">
			<marc:subfield code="a">Vaughan, David</marc:subfield>
			<marc:subfield code="t">The Captain in Yellow</marc:subfield>
			<marc:subfield code="1">http://www.isfdb.org/cgi-bin/title.cgi?2314924</marc:subfield>
		</marc:datafield>
		<marc:datafield tag="700" ind1="1" ind2="2">
			<marc:subfield code="a">Nye, Jody Lynn</marc:subfield>
			<marc:subfield code="d">1957-</marc:subfield>
			<marc:subfield code="e">author</marc:subfield>
			<marc:subfield code="4">aut</marc:subfield>
			<marc:subfield code="1">http://viaf.org/viaf/116798986</marc:subfield>
		</marc:datafield>
		<marc:datafield tag="700" ind1="1" ind2="2">
			<marc:subfield code="a">Nye, Jody Lynn</marc:subfield>
			<marc:subfield code="d">1957-</marc:subfield>
			<marc:subfield code="t">My little old one</marc:subfield>
			<marc:subfield code="1">http://www.isfdb.org/cgi-bin/title.cgi?2314925</marc:subfield>
		</marc:datafield>
		<marc:datafield tag="700" ind1="1" ind2="2">
			<marc:subfield code="a">Wetmore, Kevin J.</marc:subfield>
			<marc:subfield code="c">Jr.</marc:subfield>
			<marc:subfield code="d">1969-</marc:subfield>
			<marc:subfield code="e">author</marc:subfield>
			<marc:subfield code="4">aut</marc:subfield>
			<marc:subfield code="1">http://viaf.org/viaf/119760698</marc:subfield>
		</marc:datafield>
		<marc:datafield tag="700" ind1="1" ind2="2">
			<marc:subfield code="a">Wetmore, Kevin J.</marc:subfield>
			<marc:subfield code="t">Tales of a Fourth Grade Shoggoth</marc:subfield>
			<marc:subfield code="1">http://www.isfdb.org/cgi-bin/title.cgi?2005096</marc:subfield>
		</marc:datafield>
		<marc:datafield tag="700" ind1="1" ind2="2">
			<marc:subfield code="a">Resnick, Michael D.</marc:subfield>
			<marc:subfield code="e">contributor</marc:subfield>
			<marc:subfield code="4">ctb</marc:subfield>
			<marc:subfield code="1">http://viaf.org/viaf/9897215</marc:subfield>
		</marc:datafield>
		<marc:datafield tag="700" ind1="1" ind2="2">
			<marc:subfield code="a">Resnick, Michael D.</marc:subfield>
			<marc:subfield code="t">Friday Night at Brazee's</marc:subfield>
			<marc:subfield code="1">http://www.isfdb.org/cgi-bin/title.cgi?2314927</marc:subfield>
		</marc:datafield>
		<marc:datafield tag="700" ind1="1" ind2="2">
			<marc:subfield code="a">Garrity, Shaenon</marc:subfield>
			<marc:subfield code="d">1978-</marc:subfield>
			<marc:subfield code="e">contributor</marc:subfield>
			<marc:subfield code="4">ctb</marc:subfield>
			<marc:subfield code="1">http://viaf.org/viaf/95135381</marc:subfield>
		</marc:datafield>
		<marc:datafield tag="700" ind1="1" ind2="2">
			<marc:subfield code="a">Garrity, Shaenon</marc:subfield>
			<marc:subfield code="d">1978-</marc:subfield>
			<marc:subfield code="t">To Whatever</marc:subfield>
			<marc:subfield code="1">http://www.isfdb.org/cgi-bin/title.cgi?1770327</marc:subfield>
		</marc:datafield>
		<marc:datafield tag="700" ind1="1" ind2="2">
			<marc:subfield code="a">Trent, Brian</marc:subfield>
			<marc:subfield code="e">contributor</marc:subfield>
			<marc:subfield code="4">ctb</marc:subfield>
			<marc:subfield code="1">http://www.isfdb.org/cgi-bin/ea.cgi?126085</marc:subfield>
		</marc:datafield>
		<marc:datafield tag="700" ind1="1" ind2="2">
			<marc:subfield code="a">Trent, Brian</marc:subfield>
			<marc:subfield code="t">The Doom That Came to Providence</marc:subfield>
			<marc:subfield code="1">http://www.isfdb.org/cgi-bin/title.cgi?2314929</marc:subfield>
		</marc:datafield>
		<marc:datafield tag="700" ind1="1" ind2="2">
			<marc:subfield code="a">Shvartsman, Alex</marc:subfield>
			<marc:subfield code="t">Explaining Cthulhu to Grandma</marc:subfield>
			<marc:subfield code="1">http://www.isfdb.org/cgi-bin/title.cgi?1609949</marc:subfield>
		</marc:datafield>
		<marc:datafield tag="700" ind1="1" ind2="2">
			<marc:subfield code="a">Liu, Ken</marc:subfield>
			<marc:subfield code="d">1976-</marc:subfield>
			<marc:subfield code="e">contributor</marc:subfield>
			<marc:subfield code="4">ctb</marc:subfield>
			<marc:subfield code="1">http://viaf.org/viaf/301666588</marc:subfield>
		</marc:datafield>
		<marc:datafield tag="700" ind1="1" ind2="2">
			<marc:subfield code="a">Liu, Ken</marc:subfield>
			<marc:subfield code="d">1976-</marc:subfield>
			<marc:subfield code="t">The Call of the Pancake Factory</marc:subfield>
			<marc:subfield code="1">http://www.isfdb.org/cgi-bin/title.cgi?1630962</marc:subfield>
		</marc:datafield>
		<marc:datafield tag="700" ind1="1" ind2="2">
			<marc:subfield code="a">Jones, Rachael K.</marc:subfield>
			<marc:subfield code="e">contributor</marc:subfield>
			<marc:subfield code="4">ctb</marc:subfield>
			<marc:subfield code="1">http://viaf.org/viaf/24153893728502292550</marc:subfield>
		</marc:datafield>
		<marc:datafield tag="700" ind1="1" ind2="2">
			<marc:subfield code="a">Jones, Rachael K.</marc:subfield>
			<marc:subfield code="t">The Innsmouth of the South</marc:subfield>
			<marc:subfield code="1">http://www.isfdb.org/cgi-bin/title.cgi?2101031</marc:subfield>
		</marc:datafield>
		<marc:datafield tag="700" ind1="1" ind2="2">
			<marc:subfield code="a">Navarro, Yvonne</marc:subfield>
			<marc:subfield code="d">1957-</marc:subfield>
			<marc:subfield code="e">contributor</marc:subfield>
			<marc:subfield code="4">ctb</marc:subfield>
			<marc:subfield code="1">http://viaf.org/viaf/50077373</marc:subfield>
		</marc:datafield>
		<marc:datafield tag="700" ind1="1" ind2="2">
			<marc:subfield code="a">Navarro, Yvonne</marc:subfield>
			<marc:subfield code="d">1957-</marc:subfield>
			<marc:subfield code="t">WWRD</marc:subfield>
			<marc:subfield code="1">http://www.isfdb.org/cgi-bin/title.cgi?2314933</marc:subfield>
		</marc:datafield>
		<marc:datafield tag="700" ind1="1" ind2="2">
			<marc:subfield code="a">Huggins, Scott G.</marc:subfield>
			<marc:subfield code="e">contributor</marc:subfield>
			<marc:subfield code="4">ctb</marc:subfield>
			<marc:subfield code="1">http://viaf.org/viaf/36153124221924490360</marc:subfield>
		</marc:datafield>
		<marc:datafield tag="700" ind1="1" ind2="2">
			<marc:subfield code="a">Huggins, Scott G.</marc:subfield>
			<marc:subfield code="t">In the Employee Manual of Madness</marc:subfield>
			<marc:subfield code="1">http://www.isfdb.org/cgi-bin/title.cgi?2314934</marc:subfield>
		</marc:datafield>
		<marc:datafield tag="700" ind1="1" ind2="2">
			<marc:subfield code="a">Gaiman, Neil</marc:subfield>
			<marc:subfield code="e">contributor</marc:subfield>
			<marc:subfield code="4">ctb</marc:subfield>
			<marc:subfield code="1">http://viaf.org/viaf/103859257</marc:subfield>
		</marc:datafield>
		<marc:datafield tag="700" ind1="1" ind2="2">
			<marc:subfield code="a">Gaiman, Neil</marc:subfield>
			<marc:subfield code="t">Shoggoth's Old Peculiar</marc:subfield>
			<marc:subfield code="1">http://www.isfdb.org/cgi-bin/title.cgi?92824</marc:subfield>
		</marc:datafield>
		<marc:datafield tag="700" ind1="1" ind2="2">
			<marc:subfield code="a">Koch, Gini</marc:subfield>
			<marc:subfield code="e">contributor</marc:subfield>
			<marc:subfield code="4">ctb</marc:subfield>
			<marc:subfield code="1">http://viaf.org/viaf/121258408</marc:subfield>
		</marc:datafield>
		<marc:datafield tag="700" ind1="1" ind2="2">
			<marc:subfield code="a">Koch, Gini</marc:subfield>
			<marc:subfield code="t">H.P. and Me</marc:subfield>
			<marc:subfield code="1">http://www.isfdb.org/cgi-bin/title.cgi?2314936</marc:subfield>
		</marc:datafield>
		<marc:datafield tag="700" ind1="1" ind2="2">
			<marc:subfield code="a">Doyle, Aidan</marc:subfield>
			<marc:subfield code="e">contributor</marc:subfield>
			<marc:subfield code="4">ctb</marc:subfield>
			<marc:subfield code="1">http://viaf.org/viaf/55041947</marc:subfield>
		</marc:datafield>
		<marc:datafield tag="700" ind1="1" ind2="2">
			<marc:subfield code="a">Doyle, Aidan</marc:subfield>
			<marc:subfield code="t">The Greatest Leader</marc:subfield>
			<marc:subfield code="1">http://www.isfdb.org/cgi-bin/title.cgi?2314937</marc:subfield>
		</marc:datafield>
		<marc:datafield tag="700" ind1="1" ind2="2">
			<marc:subfield code="a">Paradias, Konstantine</marc:subfield>
			<marc:subfield code="d">1985-</marc:subfield>
			<marc:subfield code="e">contributor</marc:subfield>
			<marc:subfield code="4">ctb</marc:subfield>
			<marc:subfield code="1">http://viaf.org/viaf/45149912324806210627</marc:subfield>
		</marc:datafield>
		<marc:datafield tag="700" ind1="1" ind2="2">
			<marc:subfield code="a">Paradias, Konstantine</marc:subfield>
			<marc:subfield code="d">1985-</marc:subfield>
			<marc:subfield code="t">But Someone's Got to Do It</marc:subfield>
			<marc:subfield code="1">http://www.isfdb.org/cgi-bin/title.cgi?2314938</marc:subfield>
		</marc:datafield>
		<marc:datafield tag="700" ind1="1" ind2="2">
			<marc:subfield code="a">Helms, Amanda</marc:subfield>
			<marc:subfield code="e">contributor</marc:subfield>
			<marc:subfield code="4">ctb</marc:subfield>
			<marc:subfield code="1">http://www.isfdb.org/cgi-bin/ea.cgi?242643</marc:subfield>
		</marc:datafield>
		<marc:datafield tag="700" ind1="1" ind2="2">
			<marc:subfield code="a">Helms, Amanda</marc:subfield>
			<marc:subfield code="t">Call of the Uncopyrighted Intellectual Property</marc:subfield>
			<marc:subfield code="1">http://www.isfdb.org/cgi-bin/title.cgi?2314939</marc:subfield>
		</marc:datafield>
		<marc:datafield tag="700" ind1="1" ind2="2">
			<marc:subfield code="a">Resnick, Laura</marc:subfield>
			<marc:subfield code="d">1962-</marc:subfield>
			<marc:subfield code="e">contributor</marc:subfield>
			<marc:subfield code="4">ctb</marc:subfield>
			<marc:subfield code="1">http://viaf.org/viaf/92754268</marc:subfield>
		</marc:datafield>
		<marc:datafield tag="700" ind1="1" ind2="2">
			<marc:subfield code="a">Resnick, Laura</marc:subfield>
			<marc:subfield code="d">1962-</marc:subfield>
			<marc:subfield code="t">Cthulhu, P.I.</marc:subfield>
			<marc:subfield code="1">http://www.isfdb.org/cgi-bin/title.cgi?2314940</marc:subfield>
		</marc:datafield>
		<marc:datafield tag="700" ind1="1" ind2="2">
			<marc:subfield code="a">Mikalatos, Matt</marc:subfield>
			<marc:subfield code="e">contributor</marc:subfield>
			<marc:subfield code="4">ctb</marc:subfield>
			<marc:subfield code="1">http://viaf.org/viaf/101407140</marc:subfield>
		</marc:datafield>
		<marc:datafield tag="700" ind1="1" ind2="2">
			<marc:subfield code="a">Mikalatos, Matt</marc:subfield>
			<marc:subfield code="t">A Stiff Bargain</marc:subfield>
			<marc:subfield code="1">http://www.isfdb.org/cgi-bin/title.cgi?1646525</marc:subfield>
		</marc:datafield>
		<marc:datafield tag="700" ind1="1" ind2="2">
			<marc:subfield code="a">Pearlman, Laura</marc:subfield>
			<marc:subfield code="e">contributor</marc:subfield>
			<marc:subfield code="4">ctb</marc:subfield>
			<marc:subfield code="1">http://viaf.org/viaf/94412441</marc:subfield>
		</marc:datafield>
		<marc:datafield tag="700" ind1="1" ind2="2">
			<marc:subfield code="a">Pearlman, Laura</marc:subfield>
			<marc:subfield code="t">The Shadow Over My Dorm Room</marc:subfield>
			<marc:subfield code="1">http://www.isfdb.org/cgi-bin/title.cgi?2314942</marc:subfield>
		</marc:datafield>
		<marc:datafield tag="700" ind1="1" ind2="2">
			<marc:subfield code="a">Snyder, Lucy A.</marc:subfield>
			<marc:subfield code="d">1971-</marc:subfield>
			<marc:subfield code="e">contributor</marc:subfield>
			<marc:subfield code="4">ctb</marc:subfield>
			<marc:subfield code="1">http://viaf.org/viaf/106725477</marc:subfield>
		</marc:datafield>
		<marc:datafield tag="700" ind1="1" ind2="2">
			<marc:subfield code="a">Snyder, Lucy A.</marc:subfield>
			<marc:subfield code="d">1971-</marc:subfield>
			<marc:subfield code="t">The Tingling Madness</marc:subfield>
			<marc:subfield code="1">http://www.isfdb.org/cgi-bin/title.cgi?2314943</marc:subfield>
		</marc:datafield>
		<marc:datafield tag="700" ind1="1" ind2="2">
			<marc:subfield code="a">Mamatas, Nick</marc:subfield>
			<marc:subfield code="e">contributor</marc:subfield>
			<marc:subfield code="4">ctb</marc:subfield>
			<marc:subfield code="1">http://viaf.org/viaf/55256072</marc:subfield>
		</marc:datafield>
		<marc:datafield tag="700" ind1="1" ind2="2">
			<marc:subfield code="a">Mamatas, Nick</marc:subfield>
			<marc:subfield code="t">The Girl Who Loved Cthulhu</marc:subfield>
			<marc:subfield code="1">http://www.isfdb.org/cgi-bin/title.cgi?2314944</marc:subfield>
		</marc:datafield>
	</marc:record>