
	<marc:record>
		<marc:leader>02518nam a2200409Ii 4500</marc:leader>
		<marc:controlfield tag="001">ocn975366128</marc:controlfield>
		<marc:controlfield tag="003">OCoLC</marc:controlfield>
		<marc:controlfield tag="005">20171019095445.0</marc:controlfield>
		<marc:controlfield tag="008">170311t20172017nyu           000 1 eng d</marc:controlfield>
		<marc:datafield tag="040" ind1=" " ind2=" ">
			<marc:subfield code="a">BTCTA</marc:subfield>
			<marc:subfield code="b">eng</marc:subfield>
			<marc:subfield code="c">BTCTA</marc:subfield>
			<marc:subfield code="d">YDX</marc:subfield>
			<marc:subfield code="d">BDX</marc:subfield>
			<marc:subfield code="d">LNC</marc:subfield>
			<marc:subfield code="d">OCJ</marc:subfield>
			<marc:subfield code="d">YDX</marc:subfield>
			<marc:subfield code="d">LJW</marc:subfield>
			<marc:subfield code="d">ABJ</marc:subfield>
			<marc:subfield code="d">B@L</marc:subfield>
			<marc:subfield code="d">JP3</marc:subfield>
		</marc:datafield>
		<marc:datafield tag="019" ind1=" " ind2=" ">
			<marc:subfield code="a">975114642</marc:subfield>
			<marc:subfield code="a">975463085</marc:subfield>
			<marc:subfield code="a">975906341</marc:subfield>
			<marc:subfield code="a">976094892</marc:subfield>
			<marc:subfield code="a">976195543</marc:subfield>
		</marc:datafield>
		<marc:datafield tag="020" ind1=" " ind2=" ">
			<marc:subfield code="a">9781681775296</marc:subfield>
			<marc:subfield code="q">(hardcover)</marc:subfield>
		</marc:datafield>
		<marc:datafield tag="020" ind1=" " ind2=" ">
			<marc:subfield code="a">1681775298</marc:subfield>
			<marc:subfield code="q">(hardcover)</marc:subfield>
		</marc:datafield>
		<marc:datafield tag="035" ind1=" " ind2=" ">
			<marc:subfield code="a">(OCoLC)975366128</marc:subfield>
			<marc:subfield code="z">(OCoLC)975114642</marc:subfield>
			<marc:subfield code="z">(OCoLC)975463085</marc:subfield>
			<marc:subfield code="z">(OCoLC)975906341</marc:subfield>
			<marc:subfield code="z">(OCoLC)976094892</marc:subfield>
			<marc:subfield code="z">(OCoLC)976195543</marc:subfield>
		</marc:datafield>
		<marc:datafield tag="050" ind1="1" ind2="4">
			<marc:subfield code="a">PS648.S88</marc:subfield>
			<marc:subfield code="b">C64 2017</marc:subfield>
		</marc:datafield>
		<marc:datafield tag="082" ind1="0" ind2="4">
			<marc:subfield code="a">813/.087208</marc:subfield>
			<marc:subfield code="2">23</marc:subfield>
		</marc:datafield>
		<marc:datafield tag="090" ind1=" " ind2=" ">
			<marc:subfield code="a">SHORT STORIES COL</marc:subfield>
		</marc:datafield>
		<marc:datafield tag="100" ind1="1" ind2=" ">
			<marc:subfield code="a">Davis, Graeme</marc:subfield>
			<marc:subfield code="e">editor</marc:subfield>
			<marc:subfield code="4">edt</marc:subfield>
			<marc:subfield code="1">http://viaf.org/viaf/119647857</marc:subfield>
		</marc:datafield>
		<marc:datafield tag="245" ind1="0" ind2="0">
			<marc:subfield code="a">Colonial horrors :</marc:subfield>
			<marc:subfield code="b">Sleepy Hollow and beyond /</marc:subfield>
			<marc:subfield code="c">edited by Graeme Davis.</marc:subfield>
		</marc:datafield>
		<marc:datafield tag="264" ind1=" " ind2="1">
			<marc:subfield code="a">New York :</marc:subfield>
			<marc:subfield code="b">Pegasus Books,</marc:subfield>
			<marc:subfield code="c">2017.</marc:subfield>
		</marc:datafield>
		<marc:datafield tag="264" ind1=" " ind2="4">
			<marc:subfield code="c">©2017</marc:subfield>
		</marc:datafield>
		<marc:datafield tag="300" ind1=" " ind2=" ">
			<marc:subfield code="a">383 pages</marc:subfield>
		</marc:datafield>
		<marc:datafield tag="336" ind1=" " ind2=" ">
			<marc:subfield code="a">text</marc:subfield>
			<marc:subfield code="b">txt</marc:subfield>
			<marc:subfield code="2">rdacontent</marc:subfield>
			<marc:subfield code="0">http://id.loc.gov/vocabulary/contentTypes/txt</marc:subfield>
		</marc:datafield>
		<marc:datafield tag="337" ind1=" " ind2=" ">
			<marc:subfield code="a">unmediated</marc:subfield>
			<marc:subfield code="b">n</marc:subfield>
			<marc:subfield code="2">rdamedia</marc:subfield>
			<marc:subfield code="0">http://id.loc.gov/vocabulary/mediaTypes/n</marc:subfield>
		</marc:datafield>
		<marc:datafield tag="338" ind1=" " ind2=" ">
			<marc:subfield code="a">volume</marc:subfield>
			<marc:subfield code="b">nc</marc:subfield>
			<marc:subfield code="2">rdacarrier</marc:subfield>
			<marc:subfield code="0">http://id.loc.gov/vocabulary/carriers/nc</marc:subfield>
		</marc:datafield>
		<marc:datafield tag="380" ind1=" " ind2=" ">
			<marc:subfield code="a">Fiction</marc:subfield>
		</marc:datafield>
		<marc:datafield tag="505" ind1="0" ind2="0">
			<marc:subfield code="t">The legend of Sleepy Holly /</marc:subfield>
			<marc:subfield code="r">Washington Irving --</marc:subfield>
			<marc:subfield code="t">An essay for the recording of remarkable providences /</marc:subfield>
			<marc:subfield code="r">Increase Mather --</marc:subfield>
			<marc:subfield code="t">Wonders of the invisible world /</marc:subfield>
			<marc:subfield code="r">Cotton Mather --</marc:subfield>
			<marc:subfield code="t">Lithobolia /</marc:subfield>
			<marc:subfield code="r">R. C. --</marc:subfield>
			<marc:subfield code="t">Wieland /</marc:subfield>
			<marc:subfield code="r">Charles Brockden Brown --</marc:subfield>
			<marc:subfield code="t">The money-diggers /</marc:subfield>
			<marc:subfield code="r">Washington Irving --</marc:subfield>
			<marc:subfield code="t">Rachel Dyer /</marc:subfield>
			<marc:subfield code="r">John Neal --</marc:subfield>
			<marc:subfield code="t">Moll Pitcher /</marc:subfield>
			<marc:subfield code="r">John Greenleaf Whittier --</marc:subfield>
			<marc:subfield code="t">The birth-mark /</marc:subfield>
			<marc:subfield code="r">Nathaniel Hawthorne --</marc:subfield>
			<marc:subfield code="t">A tale of the ragged mountains --</marc:subfield>
			<marc:subfield code="t">Edgar Allan Poe --</marc:subfield>
			<marc:subfield code="t">The lake gun /</marc:subfield>
			<marc:subfield code="r">James Fenimore Cooper --</marc:subfield>
			<marc:subfield code="t">In the pines /</marc:subfield>
			<marc:subfield code="r">W. F. Mayer --</marc:subfield>
			<marc:subfield code="t">The romance of certain old clothes /</marc:subfield>
			<marc:subfield code="r">Henry James --</marc:subfield>
			<marc:subfield code="t">An authenticated history of the bell witch /</marc:subfield>
			<marc:subfield code="r">Martin van Buren Ingram --</marc:subfield>
			<marc:subfield code="t">Myths and legends of our own land /</marc:subfield>
			<marc:subfield code="r">Charles M. Skinner --</marc:subfield>
			<marc:subfield code="t">The Salem wolf /</marc:subfield>
			<marc:subfield code="r">Howard Pyle --</marc:subfield>
			<marc:subfield code="t">The case of Charles Dexter Ward /</marc:subfield>
			<marc:subfield code="r">H. P. Lovecraft.</marc:subfield>
		</marc:datafield>
		<marc:datafield tag="520" ind1=" " ind2=" ">
			<marc:subfield code="a">Collects sixteen tales of suspense, horror, and the supernatural from the Colonial era.</marc:subfield>
		</marc:datafield>
		<marc:datafield tag="650" ind1=" " ind2="4">
			<marc:subfield code="a">Cthulhu mythos</marc:subfield>
		</marc:datafield>
		<marc:datafield tag="650" ind1=" " ind2="4">
			<marc:subfield code="a">Anthologies</marc:subfield>
		</marc:datafield>
		<marc:datafield tag="650" ind1=" " ind2="4">
			<marc:subfield code="a">Suspense fiction, American.</marc:subfield>
		</marc:datafield>
		<marc:datafield tag="650" ind1=" " ind2="4">
			<marc:subfield code="a">Horror tales, American</marc:subfield>
		</marc:datafield>
		<marc:datafield tag="650" ind1=" " ind2="4">
			<marc:subfield code="a">Short stories</marc:subfield>
		</marc:datafield>
		<marc:datafield tag="655" ind1=" " ind2="4">
			<marc:subfield code="a">Fiction</marc:subfield>
		</marc:datafield>
		<marc:datafield tag="655" ind1=" " ind2="4">
			<marc:subfield code="a">Horror</marc:subfield>
		</marc:datafield>
		<marc:datafield tag="655" ind1=" " ind2="4">
			<marc:subfield code="a">Fantasy</marc:subfield>
		</marc:datafield>
		<marc:datafield tag="700" ind1="1" ind2=" ">
			<marc:subfield code="a">Lovecraft, H. P.</marc:subfield>
			<marc:subfield code="q">(Howard Phillips)</marc:subfield>
			<marc:subfield code="d">1890-1937</marc:subfield>
			<marc:subfield code="e">contributor</marc:subfield>
			<marc:subfield code="4">ctb</marc:subfield>
			<marc:subfield code="1">http://viaf.org/viaf/66470391</marc:subfield>
		</marc:datafield>
		<marc:datafield tag="700" ind1="1" ind2="2">
			<marc:subfield code="a">Lovecraft, H. P.</marc:subfield>
			<marc:subfield code="q">(Howard Phillips)</marc:subfield>
			<marc:subfield code="d">1890-1937</marc:subfield>
			<marc:subfield code="t">The Case of Charles Dexter Ward</marc:subfield>
			<marc:subfield code="1">http://viaf.org/viaf/312342035</marc:subfield>
		</marc:datafield>
	</marc:record>