
	<marc:record>
		<marc:leader>03125cam a22005535a 4500</marc:leader>
		<marc:controlfield tag="001">MWT11819620</marc:controlfield>
		<marc:controlfield tag="003">MWT</marc:controlfield>
		<marc:controlfield tag="005">20170605090341.1</marc:controlfield>
		<marc:controlfield tag="006">m     o  d        </marc:controlfield>
		<marc:controlfield tag="007">cr cn|||||||||</marc:controlfield>
		<marc:controlfield tag="008">170416s2017    xxua   es     000 1 eng d</marc:controlfield>
		<marc:datafield tag="028" ind1="4" ind2="2">
			<marc:subfield code="a">MWT11819620</marc:subfield>
		</marc:datafield>
		<marc:datafield tag="035" ind1=" " ind2=" ">
			<marc:subfield code="a">(Sirsi) a3552791</marc:subfield>
		</marc:datafield>
		<marc:datafield tag="037" ind1=" " ind2=" ">
			<marc:subfield code="a">11819620</marc:subfield>
			<marc:subfield code="b">Midwest Tape, LLC</marc:subfield>
			<marc:subfield code="n">http://www.midwesttapes.com</marc:subfield>
		</marc:datafield>
		<marc:datafield tag="040" ind1=" " ind2=" ">
			<marc:subfield code="a">Midwest</marc:subfield>
			<marc:subfield code="e">rda</marc:subfield>
		</marc:datafield>
		<marc:datafield tag="082" ind1="0" ind2="4">
			<marc:subfield code="a">741.5</marc:subfield>
			<marc:subfield code="2">23</marc:subfield>
		</marc:datafield>
		<marc:datafield tag="099" ind1=" " ind2=" ">
			<marc:subfield code="a">eComic hoopla</marc:subfield>
		</marc:datafield>
		<marc:datafield tag="100" ind1="1" ind2=" ">
			<marc:subfield code="a">Lansdale, Joe R.</marc:subfield>
			<marc:subfield code="d">1951-</marc:subfield>
			<marc:subfield code="e">adapter</marc:subfield>
			<marc:subfield code="4">adp</marc:subfield>
			<marc:subfield code="1">http://viaf.org/viaf/34504198</marc:subfield>
		</marc:datafield>
		<marc:datafield tag="245" ind1="1" ind2="0">
			<marc:subfield code="a">H.P Lovecraft's The Dunwich horror.</marc:subfield>
			<marc:subfield code="n">Issue 1.</marc:subfield>
		</marc:datafield>
		<marc:datafield tag="246" ind1="3" ind2="0">
			<marc:subfield code="a">Dunwich horror</marc:subfield>
		</marc:datafield>
		<marc:datafield tag="264" ind1=" " ind2="1">
			<marc:subfield code="a">[United States]:</marc:subfield>
			<marc:subfield code="b">IDW Publishing ,</marc:subfield>
			<marc:subfield code="c">2017.</marc:subfield>
		</marc:datafield>
		<marc:datafield tag="264" ind1=" " ind2="2">
			<marc:subfield code="b">Made available through hoopla</marc:subfield>
		</marc:datafield>
		<marc:datafield tag="300" ind1=" " ind2=" ">
			<marc:subfield code="a">1 online resource</marc:subfield>
		</marc:datafield>
		<marc:datafield tag="336" ind1=" " ind2=" ">
			<marc:subfield code="a">text</marc:subfield>
			<marc:subfield code="b">txt</marc:subfield>
			<marc:subfield code="2">rdacontent</marc:subfield>
			<marc:subfield code="0">http://id.loc.gov/vocabulary/contentTypes/txt</marc:subfield>
		</marc:datafield>
		<marc:datafield tag="337" ind1=" " ind2=" ">
			<marc:subfield code="a">computer</marc:subfield>
			<marc:subfield code="b">c</marc:subfield>
			<marc:subfield code="2">rdamedia</marc:subfield>
			<marc:subfield code="0">http://id.loc.gov/vocabulary/mediaTypes/c</marc:subfield>
		</marc:datafield>
		<marc:datafield tag="338" ind1=" " ind2=" ">
			<marc:subfield code="a">online resource</marc:subfield>
			<marc:subfield code="b">cr</marc:subfield>
			<marc:subfield code="2">rdacarrier</marc:subfield>
			<marc:subfield code="0">http://id.loc.gov/vocabulary/carriers/cr</marc:subfield>
		</marc:datafield>
		<marc:datafield tag="380" ind1=" " ind2=" ">
			<marc:subfield code="a">Fiction</marc:subfield>
		</marc:datafield>
		<marc:datafield tag="520" ind1=" " ind2=" ">
			<marc:subfield code="a">H.P. Lovecraft is known as one of the key founders of modern horror, cited as a major influence by many prominent authors, such as Stephen King. In collaboration with renowned Lovecraft historian and literary caretaker Robert Weinberg, IDW is bringing you the definitive Lovecraft comics updated for a 21st century audience. This unique series begins by adapting classic Lovecraft tale "The Dunwich Horror" by fright-master Joe R. Lansdale (30 Days of Night: Night, Again) and Peter Bergting (D&amp;D: Dark Sun). The second story brings "The Hound" to life by Weinberg and menton3.</marc:subfield>
		</marc:datafield>
		<marc:datafield tag="538" ind1=" " ind2=" ">
			<marc:subfield code="a">Mode of access: World Wide Web.</marc:subfield>
		</marc:datafield>
		<marc:datafield tag="600" ind1="1" ind2="4">
			<marc:subfield code="a">Lovecraft, H. P.</marc:subfield>
			<marc:subfield code="q">(Howard Phillips)</marc:subfield>
			<marc:subfield code="d">1890-1937</marc:subfield>
			<marc:subfield code="v">Adaptations</marc:subfield>
			<marc:subfield code="1">http://viaf.org/viaf/66470391</marc:subfield>
		</marc:datafield>
		<marc:datafield tag="650" ind1=" " ind2="4">
			<marc:subfield code="a">Necronomicon (Imaginary book)</marc:subfield>
		</marc:datafield>
		<marc:datafield tag="650" ind1=" " ind2="4">
			<marc:subfield code="a">Monsters</marc:subfield>
		</marc:datafield>
		<marc:datafield tag="655" ind1=" " ind2="4">
			<marc:subfield code="a">Graphic novels</marc:subfield>
		</marc:datafield>
		<marc:datafield tag="655" ind1=" " ind2="4">
			<marc:subfield code="a">Electronic comic books</marc:subfield>
		</marc:datafield>
		<marc:datafield tag="655" ind1=" " ind2="4">
			<marc:subfield code="a">Fiction</marc:subfield>
		</marc:datafield>
		<marc:datafield tag="655" ind1=" " ind2="4">
			<marc:subfield code="a">Horror</marc:subfield>
		</marc:datafield>
		<marc:datafield tag="655" ind1=" " ind2="4">
			<marc:subfield code="a">Fantasy</marc:subfield>
		</marc:datafield>
		<marc:datafield tag="700" ind1="1" ind2=" ">
			<marc:subfield code="a">Lovecraft, H. P.</marc:subfield>
			<marc:subfield code="q">(Howard Phillips)</marc:subfield>
			<marc:subfield code="d">1890-1937</marc:subfield>
			<marc:subfield code="e">contributor</marc:subfield>
			<marc:subfield code="4">ctb</marc:subfield>
			<marc:subfield code="1">http://viaf.org/viaf/19442434</marc:subfield>
		</marc:datafield>
		<marc:datafield tag="700" ind1="1" ind2=" ">
			<marc:subfield code="a">Lovecraft, H. P.</marc:subfield>
			<marc:subfield code="q">(Howard Phillips)</marc:subfield>
			<marc:subfield code="d">1890-1937</marc:subfield>
			<marc:subfield code="i">adapted as graphic novel work</marc:subfield>
			<marc:subfield code="t">The Dunwich Horror</marc:subfield>
			<marc:subfield code="1">http://viaf.org/viaf/4465153954873405680002</marc:subfield>
			<marc:subfield code="4">http://rdaregistry.info/Elements/w/adaptedAsGraphicNovelWork.en</marc:subfield>
		</marc:datafield>
		<marc:datafield tag="700" ind1="1" ind2=" ">
			<marc:subfield code="a">Lovecraft, H. P.</marc:subfield>
			<marc:subfield code="q">(Howard Phillips)</marc:subfield>
			<marc:subfield code="d">1890-1937</marc:subfield>
			<marc:subfield code="i">adapted as graphic novel work</marc:subfield>
			<marc:subfield code="t">The Hound</marc:subfield>
			<marc:subfield code="1">http://www.isfdb.org/cgi-bin/title.cgi?41886</marc:subfield>
			<marc:subfield code="4">http://rdaregistry.info/Elements/w/adaptedAsGraphicNovelWork.en</marc:subfield>
		</marc:datafield>
		<marc:datafield tag="700" ind1="1" ind2=" ">
			<marc:subfield code="a">Weinberg, Robert E.</marc:subfield>
			<marc:subfield code="1">http://viaf.org/viaf/85523763</marc:subfield>
		</marc:datafield>
		<marc:datafield tag="700" ind1="1" ind2=" ">
			<marc:subfield code="a">Bergting, Peter</marc:subfield>
			<marc:subfield code="e">illustrator</marc:subfield>
			<marc:subfield code="4">ill</marc:subfield>
			<marc:subfield code="1">http://viaf.org/viaf/34767932</marc:subfield>
		</marc:datafield>
		<marc:datafield tag="700" ind1="0" ind2=" ">
			<marc:subfield code="a">Menton³,</marc:subfield>
			<marc:subfield code="d">1976-</marc:subfield>
			<marc:subfield code="e">illustrator</marc:subfield>
			<marc:subfield code="4">ill</marc:subfield>
			<marc:subfield code="1">http://viaf.org/viaf/159999841</marc:subfield>
		</marc:datafield>
		<marc:datafield tag="730" ind1="0" ind2=" ">
			<marc:subfield code="a">hoopla (Digital media service)</marc:subfield>
		</marc:datafield>
		<marc:datafield tag="856" ind1="4" ind2="0">
			<marc:subfield code="u">https://www.hoopladigital.com/title/11819620</marc:subfield>
			<marc:subfield code="z">Instantly available on hoopla.</marc:subfield>
		</marc:datafield>
		<marc:datafield tag="856" ind1="4" ind2="2">
			<marc:subfield code="z">Cover image</marc:subfield>
			<marc:subfield code="u">https://d2snwnmzyr8jue.cloudfront.net/idw_aug110348_180.jpeg</marc:subfield>
		</marc:datafield>
		<marc:datafield tag="902" ind1=" " ind2=" ">
			<marc:subfield code="a">eBook</marc:subfield>
		</marc:datafield>
		<marc:datafield tag="029" ind1=" " ind2=" ">
			<marc:subfield code="a">https://d2snwnmzyr8jue.cloudfront.net/idw_aug110348_180.jpeg</marc:subfield>
		</marc:datafield>
		<marc:datafield tag="347" ind1=" " ind2=" ">
			<marc:subfield code="a">text file</marc:subfield>
			<marc:subfield code="2">rda</marc:subfield>
		</marc:datafield>
	</marc:record>