
	<marc:record>
		<marc:leader>03896 am a2200433Mi 4500</marc:leader>
		<marc:controlfield tag="001">ocn966969289</marc:controlfield>
		<marc:controlfield tag="003">OCoLC</marc:controlfield>
		<marc:controlfield tag="005">20181002130854.0</marc:controlfield>
		<marc:controlfield tag="008">160617s2016    enk           000 j eng d</marc:controlfield>
		<marc:datafield tag="040" ind1=" " ind2=" ">
			<marc:subfield code="a">NLE</marc:subfield>
			<marc:subfield code="b">eng</marc:subfield>
			<marc:subfield code="e">rda</marc:subfield>
			<marc:subfield code="c">NLE</marc:subfield>
			<marc:subfield code="d">OCLCO</marc:subfield>
			<marc:subfield code="d">OCLCF</marc:subfield>
			<marc:subfield code="d">OCLCQ</marc:subfield>
		</marc:datafield>
		<marc:datafield tag="015" ind1=" " ind2=" ">
			<marc:subfield code="a">GBB684404</marc:subfield>
			<marc:subfield code="2">bnb</marc:subfield>
		</marc:datafield>
		<marc:datafield tag="020" ind1=" " ind2=" ">
			<marc:subfield code="a">9781783619870</marc:subfield>
			<marc:subfield code="q">(hbk.)</marc:subfield>
		</marc:datafield>
		<marc:datafield tag="020" ind1=" " ind2=" ">
			<marc:subfield code="a">1783619872</marc:subfield>
			<marc:subfield code="q">(hbk.)</marc:subfield>
		</marc:datafield>
		<marc:datafield tag="035" ind1=" " ind2=" ">
			<marc:subfield code="a">(OCoLC)966969289</marc:subfield>
		</marc:datafield>
		<marc:datafield tag="082" ind1="0" ind2="4">
			<marc:subfield code="a">808.83872</marc:subfield>
			<marc:subfield code="2">23</marc:subfield>
		</marc:datafield>
		<marc:datafield tag="090" ind1=" " ind2=" ">
			<marc:subfield code="a">SCIENCE FICTION MUR</marc:subfield>
			<marc:subfield code="e">ME</marc:subfield>
		</marc:datafield>
		<marc:datafield tag="100" ind1="1" ind2=" ">
			<marc:subfield code="a">Bulbeck, Laura</marc:subfield>
			<marc:subfield code="e">editor</marc:subfield>
			<marc:subfield code="4">edt</marc:subfield>
			<marc:subfield code="1">http://viaf.org/viaf/313494591</marc:subfield>
		</marc:datafield>
		<marc:datafield tag="245" ind1="0" ind2="0">
			<marc:subfield code="a">Murder mayhem short stories :</marc:subfield>
			<marc:subfield code="b">anthology of new &amp; classic tales /</marc:subfield>
			<marc:subfield code="c">foreword by Christopher P. Semtner.</marc:subfield>
		</marc:datafield>
		<marc:datafield tag="246" ind1="3" ind2=" ">
			<marc:subfield code="a">Murder mayhem short stories :</marc:subfield>
			<marc:subfield code="b">anthology of new and classic tales</marc:subfield>
		</marc:datafield>
		<marc:datafield tag="246" ind1="1" ind2=" ">
			<marc:subfield code="i">At head of title:</marc:subfield>
			<marc:subfield code="a">Gothic fantasy</marc:subfield>
		</marc:datafield>
		<marc:datafield tag="264" ind1=" " ind2="1">
			<marc:subfield code="a">London :</marc:subfield>
			<marc:subfield code="b">Flame Tree Publishing,</marc:subfield>
			<marc:subfield code="c">2016.</marc:subfield>
		</marc:datafield>
		<marc:datafield tag="300" ind1=" " ind2=" ">
			<marc:subfield code="a">479 pages</marc:subfield>
			<marc:subfield code="c">24 cm</marc:subfield>
		</marc:datafield>
		<marc:datafield tag="336" ind1=" " ind2=" ">
			<marc:subfield code="a">text</marc:subfield>
			<marc:subfield code="b">txt</marc:subfield>
			<marc:subfield code="2">rdacontent</marc:subfield>
			<marc:subfield code="0">http://id.loc.gov/vocabulary/contentTypes/txt</marc:subfield>
		</marc:datafield>
		<marc:datafield tag="337" ind1=" " ind2=" ">
			<marc:subfield code="a">unmediated</marc:subfield>
			<marc:subfield code="b">n</marc:subfield>
			<marc:subfield code="2">rdamedia</marc:subfield>
			<marc:subfield code="0">http://id.loc.gov/vocabulary/mediaTypes/n</marc:subfield>
		</marc:datafield>
		<marc:datafield tag="338" ind1=" " ind2=" ">
			<marc:subfield code="a">volume</marc:subfield>
			<marc:subfield code="b">nc</marc:subfield>
			<marc:subfield code="2">rdacarrier</marc:subfield>
			<marc:subfield code="0">http://id.loc.gov/vocabulary/carriers/nc</marc:subfield>
		</marc:datafield>
		<marc:datafield tag="380" ind1=" " ind2=" ">
			<marc:subfield code="a">Short story</marc:subfield>
		</marc:datafield>
		<marc:datafield tag="500" ind1=" " ind2=" ">
			<marc:subfield code="a">No editor; Merril copy filed under title in anthologies.</marc:subfield>
		</marc:datafield>
		<marc:datafield tag="505" ind1="0" ind2="0">
			<marc:subfield code="g">Foreword /</marc:subfield>
			<marc:subfield code="r">Christopher P. Sempter --</marc:subfield>
			<marc:subfield code="g">Publisher's note --</marc:subfield>
			<marc:subfield code="t">The wendigo goes home /</marc:subfield>
			<marc:subfield code="r">Sara Dobie Bauer --</marc:subfield>
			<marc:subfield code="t">The death of Halpin Frayser /</marc:subfield>
			<marc:subfield code="r">Ambrose Bierce --</marc:subfield>
			<marc:subfield code="t">The Rector of Veilbye /</marc:subfield>
			<marc:subfield code="r">Steen Steensen Blicher --</marc:subfield>
			<marc:subfield code="t">Funeral /</marc:subfield>
			<marc:subfield code="r">Michael Cebula --</marc:subfield>
			<marc:subfield code="t">Into the blue /</marc:subfield>
			<marc:subfield code="r">Carolyn Charron --</marc:subfield>
			<marc:subfield code="t">Dr. Hyde, Detective, and the White Pillars murder /</marc:subfield>
			<marc:subfield code="r">G. K. Chesterton --</marc:subfield>
			<marc:subfield code="t">The traveller's story of a terribly strange bed /</marc:subfield>
			<marc:subfield code="r">Wilkie Collins --</marc:subfield>
			<marc:subfield code="t">Who killed Zebedee? /</marc:subfield>
			<marc:subfield code="r">Wilkie Collins --</marc:subfield>
			<marc:subfield code="t">The trial for murder /</marc:subfield>
			<marc:subfield code="r">Charles Dickens --</marc:subfield>
			<marc:subfield code="t">The problem of Dead Wood Hall /</marc:subfield>
			<marc:subfield code="r">Dick Donovan --</marc:subfield>
			<marc:subfield code="t">Mr. Happy Head /</marc:subfield>
			<marc:subfield code="r">James Dorr --</marc:subfield>
			<marc:subfield code="t">The Brazilian cat /</marc:subfield>
			<marc:subfield code="r">Arthur Conan Doyle --</marc:subfield>
			<marc:subfield code="t">Nineteen sixty-five Ford falcon /</marc:subfield>
			<marc:subfield code="r">Tim Foley --</marc:subfield>
			<marc:subfield code="t">"Mama said" /</marc:subfield>
			<marc:subfield code="r">Steven Thor Gunnin --</marc:subfield>
			<marc:subfield code="t">Six aspects of Cath Baduma /</marc:subfield>
			<marc:subfield code="r">Kate Heartfield --</marc:subfield>
			<marc:subfield code="t">The house among the laurels /</marc:subfield>
			<marc:subfield code="r">William Hope Hodgson --</marc:subfield>
			<marc:subfield code="t">The thing invisible /</marc:subfield>
			<marc:subfield code="r">William Hope Hodgson --</marc:subfield>
			<marc:subfield code="t">Freedom is not free /</marc:subfield>
			<marc:subfield code="r">David M. Hoenig --</marc:subfield>
			<marc:subfield code="t">Mademoiselle de Scudéri /</marc:subfield>
			<marc:subfield code="r">E. T. A. Hoffmann --</marc:subfield>
			<marc:subfield code="t">How to build a mass-murderer /</marc:subfield>
			<marc:subfield code="r">Liam Hogan --</marc:subfield>
			<marc:subfield code="t">Pigeons from hell /</marc:subfield>
			<marc:subfield code="r">Robert E. [Ervin] Howard --</marc:subfield>
			<marc:subfield code="t">The two-out-of-three rule /</marc:subfield>
			<marc:subfield code="r">Patrick J. Hurley --</marc:subfield>
			<marc:subfield code="t">The well /</marc:subfield>
			<marc:subfield code="r">W. W. Jacobs --</marc:subfield>
			<marc:subfield code="t">In the penal colony /</marc:subfield>
			<marc:subfield code="r">Franz Kafka --</marc:subfield>
			<marc:subfield code="t">Getting shot in the face still stings /</marc:subfield>
			<marc:subfield code="r">Michelle Ann King --</marc:subfield>
			<marc:subfield code="t">The return of Imray /</marc:subfield>
			<marc:subfield code="r">Rudyard Kipling --</marc:subfield>
			<marc:subfield code="t">Less than Katherine /</marc:subfield>
			<marc:subfield code="r">Claude Lalumière --</marc:subfield>
			<marc:subfield code="t">Shared losses /</marc:subfield>
			<marc:subfield code="r">Gerri Leen --</marc:subfield>
			<marc:subfield code="t">The hound /</marc:subfield>
			<marc:subfield code="r">H. P. Lovecraft --</marc:subfield>
			<marc:subfield code="t">From beyond /</marc:subfield>
			<marc:subfield code="r">H. P. Lovecraft --</marc:subfield>
			<marc:subfield code="t">Drive safe /</marc:subfield>
			<marc:subfield code="r">K. A. Mielke --</marc:subfield>
			<marc:subfield code="t">In the dark /</marc:subfield>
			<marc:subfield code="r">Edith Nesbit --</marc:subfield>
			<marc:subfield code="t">The cask of amontillado /</marc:subfield>
			<marc:subfield code="r">Edgar Allan Poe --</marc:subfield>
			<marc:subfield code="t">The azure ring /</marc:subfield>
			<marc:subfield code="r">Arthur B. Reeve --</marc:subfield>
			<marc:subfield code="t">Redux /</marc:subfield>
			<marc:subfield code="r">Alexandra Camille Renwick --</marc:subfield>
			<marc:subfield code="t">The first seven deaths of Mildred Orly /</marc:subfield>
			<marc:subfield code="r">Fred Senese --</marc:subfield>
			<marc:subfield code="t">Markheim /</marc:subfield>
			<marc:subfield code="r">Robert Louis Stevenson --</marc:subfield>
			<marc:subfield code="t">The dualitists /</marc:subfield>
			<marc:subfield code="r">Bram Stoker --</marc:subfield>
			<marc:subfield code="t">The burial of the rats /</marc:subfield>
			<marc:subfield code="r">Bram Stoker --</marc:subfield>
			<marc:subfield code="t">Mister Ted /</marc:subfield>
			<marc:subfield code="r">Donald Jacob Uitvlugt --</marc:subfield>
			<marc:subfield code="t">Cheese /</marc:subfield>
			<marc:subfield code="r">Ethel Lina White --</marc:subfield>
			<marc:subfield code="t">Corpses removed, no questions asked /</marc:subfield>
			<marc:subfield code="r">Dean H. Wild --</marc:subfield>
			<marc:subfield code="t">Lord Arthur Savile's crime: a study of duty /</marc:subfield>
			<marc:subfield code="r">Oscar Wilde --</marc:subfield>
			<marc:subfield code="t">Fragments of me /</marc:subfield>
			<marc:subfield code="r">Nemma Wollenfang --</marc:subfield>
			<marc:subfield code="g">Biographies and sources.</marc:subfield>
		</marc:datafield>
		<marc:datafield tag="650" ind1=" " ind2="4">
			<marc:subfield code="a">Murder</marc:subfield>
		</marc:datafield>
		<marc:datafield tag="650" ind1=" " ind2="4">
			<marc:subfield code="a">Anthologies</marc:subfield>
		</marc:datafield>
		<marc:datafield tag="655" ind1=" " ind2="4">
			<marc:subfield code="a">Suspense.</marc:subfield>
		</marc:datafield>
		<marc:datafield tag="650" ind1=" " ind2="4">
			<marc:subfield code="a">Horror tales</marc:subfield>
		</marc:datafield>
		<marc:datafield tag="655" ind1=" " ind2="4">
			<marc:subfield code="a">Science fiction</marc:subfield>
		</marc:datafield>
		<marc:datafield tag="655" ind1=" " ind2="4">
			<marc:subfield code="a">Short stories</marc:subfield>
		</marc:datafield>
		<marc:datafield tag="655" ind1=" " ind2="4">
			<marc:subfield code="a">Fantasy</marc:subfield>
		</marc:datafield>
		<marc:datafield tag="700" ind1="1" ind2=" ">
			<marc:subfield code="a">Lovecraft, H. P.</marc:subfield>
			<marc:subfield code="q">(Howard Phillips)</marc:subfield>
			<marc:subfield code="d">1890-1937</marc:subfield>
			<marc:subfield code="e">contributor</marc:subfield>
			<marc:subfield code="4">ctb</marc:subfield>
			<marc:subfield code="1">http://viaf.org/viaf/66470391</marc:subfield>
		</marc:datafield>
		<marc:datafield tag="700" ind1="1" ind2="2">
			<marc:subfield code="a">Lovecraft, H. P.</marc:subfield>
			<marc:subfield code="q">(Howard Phillips)</marc:subfield>
			<marc:subfield code="d">1890-1937</marc:subfield>
			<marc:subfield code="t">The Hound</marc:subfield>
			<marc:subfield code="1">http://www.isfdb.org/cgi-bin/title.cgi?41886</marc:subfield>
		</marc:datafield>
		<marc:datafield tag="700" ind1="1" ind2="2">
			<marc:subfield code="a">Lovecraft, H. P.</marc:subfield>
			<marc:subfield code="q">(Howard Phillips)</marc:subfield>
			<marc:subfield code="d">1890-1937</marc:subfield>
			<marc:subfield code="t">From Beyond</marc:subfield>
			<marc:subfield code="1">http://www.isfdb.org/cgi-bin/title.cgi?41874</marc:subfield>
		</marc:datafield>
		<marc:datafield tag="700" ind1="1" ind2=" ">
			<marc:subfield code="a">Semtner, Christopher P.</marc:subfield>
			<marc:subfield code="e">writer of added commentary</marc:subfield>
			<marc:subfield code="4">wac</marc:subfield>
			<marc:subfield code="1">http://viaf.org/viaf/91109620</marc:subfield>
		</marc:datafield>
	</marc:record>