
	<marc:record>
		<marc:leader>03579cam a2200409Ii 4500</marc:leader>
		<marc:controlfield tag="001">ocn929582555</marc:controlfield>
		<marc:controlfield tag="003">OCoLC</marc:controlfield>
		<marc:controlfield tag="005">20160924160523.0</marc:controlfield>
		<marc:controlfield tag="008">151112s2016    nyu           000 j eng d</marc:controlfield>
		<marc:datafield tag="019" ind1=" " ind2=" ">
			<marc:subfield code="a">929049068</marc:subfield>
		</marc:datafield>
		<marc:datafield tag="020" ind1=" " ind2=" ">
			<marc:subfield code="a">9781476781662</marc:subfield>
		</marc:datafield>
		<marc:datafield tag="020" ind1=" " ind2=" ">
			<marc:subfield code="a">1476781664</marc:subfield>
		</marc:datafield>
		<marc:datafield tag="035" ind1=" " ind2=" ">
			<marc:subfield code="a">(Sirsi) a3470339</marc:subfield>
		</marc:datafield>
		<marc:datafield tag="035" ind1=" " ind2=" ">
			<marc:subfield code="a">(OCoLC)929582555</marc:subfield>
			<marc:subfield code="z">(OCoLC)929049068</marc:subfield>
		</marc:datafield>
		<marc:datafield tag="040" ind1=" " ind2=" ">
			<marc:subfield code="a">BTCTA</marc:subfield>
			<marc:subfield code="b">eng</marc:subfield>
			<marc:subfield code="e">rda</marc:subfield>
			<marc:subfield code="c">BTCTA</marc:subfield>
			<marc:subfield code="d">BDX</marc:subfield>
			<marc:subfield code="d">YDXCP</marc:subfield>
			<marc:subfield code="d">OCLCQ</marc:subfield>
			<marc:subfield code="d">ORX</marc:subfield>
		</marc:datafield>
		<marc:datafield tag="090" ind1=" " ind2=" ">
			<marc:subfield code="a">SCIENCE FICTION THI</marc:subfield>
			<marc:subfield code="e">ME</marc:subfield>
		</marc:datafield>
		<marc:datafield tag="090" ind1=" " ind2=" ">
			<marc:subfield code="a">SCIENCE FICTION THI</marc:subfield>
			<marc:subfield code="e">MM 1016</marc:subfield>
		</marc:datafield>
		<marc:datafield tag="100" ind1="1" ind2=" ">
			<marc:subfield code="a">Davis, Hank</marc:subfield>
			<marc:subfield code="d">1944-</marc:subfield>
			<marc:subfield code="e">editor</marc:subfield>
			<marc:subfield code="4">edt</marc:subfield>
			<marc:subfield code="1">http://viaf.org/viaf/242341696</marc:subfield>
		</marc:datafield>
		<marc:datafield tag="245" ind1="0" ind2="0">
			<marc:subfield code="a">Things from outer space /</marc:subfield>
			<marc:subfield code="c">edited by Hank Davis.</marc:subfield>
		</marc:datafield>
		<marc:datafield tag="264" ind1=" " ind2="1">
			<marc:subfield code="a">Riverdale, NY :</marc:subfield>
			<marc:subfield code="b">Baen,</marc:subfield>
			<marc:subfield code="c">2016.</marc:subfield>
		</marc:datafield>
		<marc:datafield tag="300" ind1=" " ind2=" ">
			<marc:subfield code="a">554 pages</marc:subfield>
			<marc:subfield code="c">18 cm</marc:subfield>
		</marc:datafield>
		<marc:datafield tag="336" ind1=" " ind2=" ">
			<marc:subfield code="a">text</marc:subfield>
			<marc:subfield code="b">txt</marc:subfield>
			<marc:subfield code="2">rdacontent</marc:subfield>
			<marc:subfield code="0">http://id.loc.gov/vocabulary/contentTypes/txt</marc:subfield>
		</marc:datafield>
		<marc:datafield tag="337" ind1=" " ind2=" ">
			<marc:subfield code="a">unmediated</marc:subfield>
			<marc:subfield code="b">n</marc:subfield>
			<marc:subfield code="2">rdamedia</marc:subfield>
			<marc:subfield code="0">http://id.loc.gov/vocabulary/mediaTypes/n</marc:subfield>
		</marc:datafield>
		<marc:datafield tag="338" ind1=" " ind2=" ">
			<marc:subfield code="a">volume</marc:subfield>
			<marc:subfield code="b">nc</marc:subfield>
			<marc:subfield code="2">rdacarrier</marc:subfield>
			<marc:subfield code="0">http://id.loc.gov/vocabulary/carriers/nc</marc:subfield>
		</marc:datafield>
		<marc:datafield tag="380" ind1=" " ind2=" ">
			<marc:subfield code="a">Short story</marc:subfield>
		</marc:datafield>
		<marc:datafield tag="500" ind1=" " ind2=" ">
			<marc:subfield code="a">Cover art: Alan Pollack.</marc:subfield>
		</marc:datafield>
		<marc:datafield tag="505" ind1="0" ind2="0">
			<marc:subfield code="g">Things for the memories: introduction /</marc:subfield>
			<marc:subfield code="r">Hank Davis --</marc:subfield>
			<marc:subfield code="t">Who goes there? /</marc:subfield>
			<marc:subfield code="r">John W. Campbell, Jr. --</marc:subfield>
			<marc:subfield code="t">Who rhymes there? (a parody in verse) /</marc:subfield>
			<marc:subfield code="r">Randall Garrett --</marc:subfield>
			<marc:subfield code="t">The things /</marc:subfield>
			<marc:subfield code="r">Peter Watts --</marc:subfield>
			<marc:subfield code="t">The colour out of space /</marc:subfield>
			<marc:subfield code="r">H. P. Lovecraft --</marc:subfield>
			<marc:subfield code="t">As it lays /</marc:subfield>
			<marc:subfield code="r">David Afsharirad --</marc:subfield>
			<marc:subfield code="t">Amanda and the alien /</marc:subfield>
			<marc:subfield code="r">Robert Silverberg --</marc:subfield>
			<marc:subfield code="t">We don't want any trouble /</marc:subfield>
			<marc:subfield code="r">James H. Schmitz --</marc:subfield>
			<marc:subfield code="t">And your little dog, too /</marc:subfield>
			<marc:subfield code="r">Sarah A. Hoyt --</marc:subfield>
			<marc:subfield code="t">Riding the white bull /</marc:subfield>
			<marc:subfield code="r">Caitlin R. Kiernan --</marc:subfield>
			<marc:subfield code="t">The monster from nowhere /</marc:subfield>
			<marc:subfield code="r">Nelson Bond --</marc:subfield>
			<marc:subfield code="t">Sitting duck /</marc:subfield>
			<marc:subfield code="r">Daniel F. Galouye --</marc:subfield>
			<marc:subfield code="t">The mind spider /</marc:subfield>
			<marc:subfield code="r">Fritz Leiber --</marc:subfield>
			<marc:subfield code="t">The thing from - outside /</marc:subfield>
			<marc:subfield code="r">George Allen England --</marc:subfield>
			<marc:subfield code="t">The space horde /</marc:subfield>
			<marc:subfield code="r">Chad Oliver --</marc:subfield>
			<marc:subfield code="t">The leech /</marc:subfield>
			<marc:subfield code="r">Robert Sheckley --</marc:subfield>
			<marc:subfield code="t">Rough beast /</marc:subfield>
			<marc:subfield code="r">Roger Dee --</marc:subfield>
			<marc:subfield code="t">Love me true /</marc:subfield>
			<marc:subfield code="r">Gordon R. Dickson --</marc:subfield>
			<marc:subfield code="t">Devolution /</marc:subfield>
			<marc:subfield code="r">Edmond Hamilton --</marc:subfield>
			<marc:subfield code="t">Operation Stinky /</marc:subfield>
			<marc:subfield code="r">Clifford D. Simak --</marc:subfield>
			<marc:subfield code="t">Hunting ground /</marc:subfield>
			<marc:subfield code="r">David Drake.</marc:subfield>
		</marc:datafield>
		<marc:datafield tag="520" ind1=" " ind2=" ">
			<marc:subfield code="a">As we all know, in space, no one can hear you scream. Which doesn't mean that anyone is safe just because they're standing on the soil of planet Earth, because if a thing from out there drops in, screaming probably won't save you. Earth has spawned myriad unpleasant life forms which are bad news for humans, ranging in size from the Ebola virus to the great white shark up to the Tyrannosaurus Rex (extinct, fortunately for us)--and that's just one planet. What even more deadly life forms might the billions of planets in our galaxy have spawned? And suppose the things are intelligent and capable of crossing space and coming here . . . Considering that very possibility are the masters of science fiction starring in this book, including Robert Silverberg, David Drake, Sarah A. Hoyt, James H. Schmitz, Fritz Leiber, Robert Sheckley, Murray Leinster and John W. Campbell, as well as classic stories of extraterrestrial horrors by H.P. Lovecraft, George Allan England and more. E.T. might have been happy eating Reese's Pieces, but other visitors from the void might have less dainty appetites. And there are probably worse things than merely being eaten.</marc:subfield>
		</marc:datafield>
		<marc:datafield tag="650" ind1=" " ind2="7">
			<marc:subfield code="a">Science fiction tales</marc:subfield>
		</marc:datafield>
		<marc:datafield tag="650" ind1=" " ind2="4">
			<marc:subfield code="a">Anthologies</marc:subfield>
		</marc:datafield>
		<marc:datafield tag="655" ind1=" " ind2="4">
			<marc:subfield code="a">Science fiction</marc:subfield>
		</marc:datafield>
		<marc:datafield tag="655" ind1=" " ind2="4">
			<marc:subfield code="a">Fantasy</marc:subfield>
		</marc:datafield>
		<marc:datafield tag="655" ind1=" " ind2="4">
			<marc:subfield code="a">Horror</marc:subfield>
		</marc:datafield>
		<marc:datafield tag="655" ind1=" " ind2="4">
			<marc:subfield code="a">Short stories</marc:subfield>
		</marc:datafield>
		<marc:datafield tag="700" ind1="1" ind2=" ">
			<marc:subfield code="a">Lovecraft, H. P.</marc:subfield>
			<marc:subfield code="q">(Howard Phillips)</marc:subfield>
			<marc:subfield code="d">1890-1937</marc:subfield>
			<marc:subfield code="e">contributor</marc:subfield>
			<marc:subfield code="4">ctb</marc:subfield>
			<marc:subfield code="1">http://viaf.org/viaf/66470391</marc:subfield>
		</marc:datafield>
		<marc:datafield tag="700" ind1="1" ind2="2">
			<marc:subfield code="a">Lovecraft, H. P.</marc:subfield>
			<marc:subfield code="q">(Howard Phillips)</marc:subfield>
			<marc:subfield code="d">1890-1937</marc:subfield>
			<marc:subfield code="t">The Colour Out of Space</marc:subfield>
			<marc:subfield code="1">http://viaf.org/viaf/307986907</marc:subfield>
		</marc:datafield>
		<marc:datafield tag="700" ind1="1" ind2=" ">
			<marc:subfield code="a">Pollack, Alan</marc:subfield>
			<marc:subfield code="e">cover designer</marc:subfield>
			<marc:subfield code="4">cov</marc:subfield>
			<marc:subfield code="1">http://viaf.org/viaf/3083153716406058820000</marc:subfield>
		</marc:datafield>
	</marc:record>