
	<marc:record>
		<marc:leader>01641cam a2200301 i 4500</marc:leader>
		<marc:controlfield tag="008">160713s2016    nyu           000 0 eng u</marc:controlfield>
		<marc:datafield tag="020" ind1=" " ind2=" ">
			<marc:subfield code="a">9781614981565</marc:subfield>
		</marc:datafield>
		<marc:datafield tag="035" ind1=" " ind2=" ">
			<marc:subfield code="a">(Sirsi) a3447491</marc:subfield>
		</marc:datafield>
		<marc:datafield tag="090" ind1=" " ind2=" ">
			<marc:subfield code="a">816.52 LOV LET</marc:subfield>
			<marc:subfield code="e">ME</marc:subfield>
		</marc:datafield>
		<marc:datafield tag="100" ind1="1" ind2=" ">
			<marc:subfield code="a">Lovecraft, H. P.</marc:subfield>
			<marc:subfield code="q">(Howard Phillips)</marc:subfield>
			<marc:subfield code="d">1890-1937</marc:subfield>
			<marc:subfield code="1">http://viaf.org/viaf/66470391</marc:subfield>
		</marc:datafield>
		<marc:datafield tag="240" ind1=" " ind2=" ">
			<marc:subfield code="a">H.P. Lovecraft: Letters to J. Vernon Shea, Carl F. Strauch, and Lee McBride White</marc:subfield>
			<marc:subfield code="1">http://www.hplovecraft.com/writings/sources/lssw.aspx</marc:subfield>
		</marc:datafield>
		<marc:datafield tag="245" ind1="1" ind2="0">
			<marc:subfield code="a">Letters to J. Vernon Shea, Carl F. Strauch, and Lee McBride White /</marc:subfield>
			<marc:subfield code="c">edited by S. T. Joshi and David E. Schultz.</marc:subfield>
		</marc:datafield>
		<marc:datafield tag="246" ind1="3" ind2=" ">
			<marc:subfield code="a">H. P. Lovecraft</marc:subfield>
			<marc:subfield code="b">letters to J. Vernon Shea, Carl F. Strauch, and Lee McBride White.</marc:subfield>
		</marc:datafield>
		<marc:datafield tag="250" ind1=" " ind2=" ">
			<marc:subfield code="a">First edition</marc:subfield>
		</marc:datafield>
		<marc:datafield tag="264" ind1=" " ind2="1">
			<marc:subfield code="a">New York :</marc:subfield>
			<marc:subfield code="b">Hippocampus Press,</marc:subfield>
			<marc:subfield code="c">2016.</marc:subfield>
		</marc:datafield>
		<marc:datafield tag="300" ind1=" " ind2=" ">
			<marc:subfield code="a">433 pages</marc:subfield>
			<marc:subfield code="b">illustrations ;</marc:subfield>
			<marc:subfield code="c">23 cm</marc:subfield>
		</marc:datafield>
		<marc:datafield tag="336" ind1=" " ind2=" ">
			<marc:subfield code="a">text</marc:subfield>
			<marc:subfield code="2">rdacontent</marc:subfield>
			<marc:subfield code="0">http://id.loc.gov/vocabulary/contentTypes/txt</marc:subfield>
		</marc:datafield>
		<marc:datafield tag="337" ind1=" " ind2=" ">
			<marc:subfield code="a">unmediated</marc:subfield>
			<marc:subfield code="b">n</marc:subfield>
			<marc:subfield code="2">rdamedia</marc:subfield>
			<marc:subfield code="0">http://id.loc.gov/vocabulary/mediaTypes/n</marc:subfield>
		</marc:datafield>
		<marc:datafield tag="338" ind1=" " ind2=" ">
			<marc:subfield code="a">volume</marc:subfield>
			<marc:subfield code="2">rdavolume</marc:subfield>
		</marc:datafield>
		<marc:datafield tag="490" ind1="1" ind2=" ">
			<marc:subfield code="a">Letters of H. P. Lovecraft ;</marc:subfield>
			<marc:subfield code="v">v.8.</marc:subfield>
		</marc:datafield>
		<marc:datafield tag="504" ind1=" " ind2=" ">
			<marc:subfield code="a">Includes bibliographical references and index.</marc:subfield>
		</marc:datafield>
		<marc:datafield tag="600" ind1="1" ind2="4">
			<marc:subfield code="a">Lovecraft, H. P.</marc:subfield>
			<marc:subfield code="q">(Howard Phillips)</marc:subfield>
			<marc:subfield code="d">1890-1937</marc:subfield>
			<marc:subfield code="e">Correspondence</marc:subfield>
			<marc:subfield code="1">http://viaf.org/viaf/66470391</marc:subfield>
		</marc:datafield>
		<marc:datafield tag="650" ind1=" " ind2="4">
			<marc:subfield code="a">Authors, American</marc:subfield>
			<marc:subfield code="y">20th century</marc:subfield>
			<marc:subfield code="v">Correspondence</marc:subfield>
		</marc:datafield>
		<marc:datafield tag="650" ind1=" " ind2="4">
			<marc:subfield code="a">Horror tales</marc:subfield>
			<marc:subfield code="x">Authorship</marc:subfield>
		</marc:datafield>
		<marc:datafield tag="700" ind1="1" ind2=" ">
			<marc:subfield code="a">Lovecraft, H. P.</marc:subfield>
			<marc:subfield code="q">(Howard Phillips)</marc:subfield>
			<marc:subfield code="d">1890-1937</marc:subfield>
			<marc:subfield code="e">contributor</marc:subfield>
			<marc:subfield code="4">ctb</marc:subfield>
			<marc:subfield code="1">http://viaf.org/viaf/19442434</marc:subfield>
		</marc:datafield>
		<marc:datafield tag="700" ind1="1" ind2=" ">
			<marc:subfield code="a">Schultz, David E.,</marc:subfield>
			<marc:subfield code="d">1952-</marc:subfield>
			<marc:subfield code="e">editor</marc:subfield>
			<marc:subfield code="4">edt</marc:subfield>
			<marc:subfield code="1">http://viaf.org/viaf/54312942</marc:subfield>
		</marc:datafield>
		<marc:datafield tag="700" ind1="1" ind2=" ">
			<marc:subfield code="a">Joshi, S. T.</marc:subfield>
			<marc:subfield code="d">1958-</marc:subfield>
			<marc:subfield code="e">editor</marc:subfield>
			<marc:subfield code="4">edt</marc:subfield>
			<marc:subfield code="1">http://viaf.org/viaf/34508371</marc:subfield>
		</marc:datafield>
		<marc:datafield tag="830" ind1=" " ind2="0">
			<marc:subfield code="a">Letters of H.P. Lovecraft ;</marc:subfield>
			<marc:subfield code="v">v.8.</marc:subfield>
		</marc:datafield>
	</marc:record>