
	<marc:record>
		<marc:leader>03861cam a2200529 i 4500</marc:leader>
		<marc:controlfield tag="001">ocn911920672</marc:controlfield>
		<marc:controlfield tag="003">OCoLC</marc:controlfield>
		<marc:controlfield tag="005">20160914135902.0</marc:controlfield>
		<marc:controlfield tag="008">150624t20152002nyu           000 j eng  </marc:controlfield>
		<marc:datafield tag="010" ind1=" " ind2=" ">
			<marc:subfield code="a">  2015017543</marc:subfield>
		</marc:datafield>
		<marc:datafield tag="020" ind1=" " ind2=" ">
			<marc:subfield code="a">9781590179437</marc:subfield>
			<marc:subfield code="q">(paperback ;</marc:subfield>
			<marc:subfield code="q">acid-free paper)</marc:subfield>
		</marc:datafield>
		<marc:datafield tag="020" ind1=" " ind2=" ">
			<marc:subfield code="a">1590179439</marc:subfield>
			<marc:subfield code="q">(paperback ;</marc:subfield>
			<marc:subfield code="q">acid-free paper)</marc:subfield>
		</marc:datafield>
		<marc:datafield tag="035" ind1=" " ind2=" ">
			<marc:subfield code="a">(Sirsi) a3467193</marc:subfield>
		</marc:datafield>
		<marc:datafield tag="035" ind1=" " ind2=" ">
			<marc:subfield code="a">(OCoLC)911920672</marc:subfield>
			<marc:subfield code="z">(OCoLC)900180005</marc:subfield>
		</marc:datafield>
		<marc:datafield tag="040" ind1=" " ind2=" ">
			<marc:subfield code="a">DLC</marc:subfield>
			<marc:subfield code="b">eng</marc:subfield>
			<marc:subfield code="e">rda</marc:subfield>
			<marc:subfield code="c">DLC</marc:subfield>
			<marc:subfield code="d">YDXCP</marc:subfield>
			<marc:subfield code="d">BTCTA</marc:subfield>
			<marc:subfield code="d">OCLCF</marc:subfield>
			<marc:subfield code="d">BKL</marc:subfield>
			<marc:subfield code="d">OCLCO</marc:subfield>
			<marc:subfield code="d">CDX</marc:subfield>
			<marc:subfield code="d">OCLCQ</marc:subfield>
			<marc:subfield code="d">YUS</marc:subfield>
			<marc:subfield code="d">OCLCO</marc:subfield>
		</marc:datafield>
		<marc:datafield tag="042" ind1=" " ind2=" ">
			<marc:subfield code="a">pcc</marc:subfield>
		</marc:datafield>
		<marc:datafield tag="050" ind1="0" ind2="0">
			<marc:subfield code="a">PS648.H6</marc:subfield>
			<marc:subfield code="b">C655 2015</marc:subfield>
		</marc:datafield>
		<marc:datafield tag="082" ind1="0" ind2="0">
			<marc:subfield code="a">813/.0873808</marc:subfield>
			<marc:subfield code="2">23</marc:subfield>
		</marc:datafield>
		<marc:datafield tag="084" ind1=" " ind2=" ">
			<marc:subfield code="a">FIC003000</marc:subfield>
			<marc:subfield code="2">bisacsh</marc:subfield>
		</marc:datafield>
		<marc:datafield tag="090" ind1=" " ind2=" ">
			<marc:subfield code="a">FICTION SHA</marc:subfield>
			<marc:subfield code="e">ME</marc:subfield>
		</marc:datafield>
		<marc:datafield tag="100" ind1="1" ind2=" ">
			<marc:subfield code="a">Thin, D.</marc:subfield>
			<marc:subfield code="q">(Douglas)</marc:subfield>
			<marc:subfield code="e">editor</marc:subfield>
			<marc:subfield code="4">edt</marc:subfield>
			<marc:subfield code="1">http://viaf.org/viaf/61772171</marc:subfield>
		</marc:datafield>
		<marc:datafield tag="245" ind1="0" ind2="0">
			<marc:subfield code="a">Shadows of Carcosa :</marc:subfield>
			<marc:subfield code="b">tales of cosmic horror /</marc:subfield>
			<marc:subfield code="c">selected by D. Thin.</marc:subfield>
		</marc:datafield>
		<marc:datafield tag="264" ind1=" " ind2="1">
			<marc:subfield code="a">New York :</marc:subfield>
			<marc:subfield code="b">New York Review Books,</marc:subfield>
			<marc:subfield code="c">[2015]</marc:subfield>
		</marc:datafield>
		<marc:datafield tag="264" ind1=" " ind2="4">
			<marc:subfield code="c">©2002</marc:subfield>
		</marc:datafield>
		<marc:datafield tag="300" ind1=" " ind2=" ">
			<marc:subfield code="a">360 pages</marc:subfield>
			<marc:subfield code="c">21 cm.</marc:subfield>
		</marc:datafield>
		<marc:datafield tag="336" ind1=" " ind2=" ">
			<marc:subfield code="a">text</marc:subfield>
			<marc:subfield code="b">txt</marc:subfield>
			<marc:subfield code="2">rdacontent</marc:subfield>
			<marc:subfield code="0">http://id.loc.gov/vocabulary/contentTypes/txt</marc:subfield>
		</marc:datafield>
		<marc:datafield tag="337" ind1=" " ind2=" ">
			<marc:subfield code="a">unmediated</marc:subfield>
			<marc:subfield code="b">n</marc:subfield>
			<marc:subfield code="2">rdamedia</marc:subfield>
			<marc:subfield code="0">http://id.loc.gov/vocabulary/mediaTypes/n</marc:subfield>
		</marc:datafield>
		<marc:datafield tag="338" ind1=" " ind2=" ">
			<marc:subfield code="a">volume</marc:subfield>
			<marc:subfield code="b">nc</marc:subfield>
			<marc:subfield code="2">rdacarrier</marc:subfield>
			<marc:subfield code="0">http://id.loc.gov/vocabulary/carriers/nc</marc:subfield>
		</marc:datafield>
		<marc:datafield tag="380" ind1=" " ind2=" ">
			<marc:subfield code="a">Short story</marc:subfield>
		</marc:datafield>
		<marc:datafield tag="490" ind1="1" ind2=" ">
			<marc:subfield code="a">New York Review Books Classics</marc:subfield>
		</marc:datafield>
		<marc:datafield tag="500" ind1=" " ind2=" ">
			<marc:subfield code="a">Cover art: Charles Burns.</marc:subfield>
		</marc:datafield>
		<marc:datafield tag="500" ind1=" " ind2=" ">
			<marc:subfield code="a">Original title: The Colour out of space: tales of cosmic horror.</marc:subfield>
		</marc:datafield>
		<marc:datafield tag="505" ind1="0" ind2="0">
			<marc:subfield code="t">MS. found in a bottle /</marc:subfield>
			<marc:subfield code="r">Edgar Allan Poe --</marc:subfield>
			<marc:subfield code="t">The squaw /</marc:subfield>
			<marc:subfield code="r">Bram Stoker --</marc:subfield>
			<marc:subfield code="t">Moxon's master /</marc:subfield>
			<marc:subfield code="r">Ambrose Bierce --</marc:subfield>
			<marc:subfield code="t">The damned thing /</marc:subfield>
			<marc:subfield code="r">Ambrose Bierce --</marc:subfield>
			<marc:subfield code="t">An inhabitant of Carcosa /</marc:subfield>
			<marc:subfield code="r">Ambrose Bierce --</marc:subfield>
			<marc:subfield code="t">The Repairer of Reputations /</marc:subfield>
			<marc:subfield code="r">R. W. Chambers --</marc:subfield>
			<marc:subfield code="t">The House of Sounds /</marc:subfield>
			<marc:subfield code="r">M. P. Shiel --</marc:subfield>
			<marc:subfield code="t">The white people /</marc:subfield>
			<marc:subfield code="r">Arthur Machen --</marc:subfield>
			<marc:subfield code="t">The willows /</marc:subfield>
			<marc:subfield code="r">Algernon Blackwood --</marc:subfield>
			<marc:subfield code="t">The jolly corner /</marc:subfield>
			<marc:subfield code="r">Henry James --</marc:subfield>
			<marc:subfield code="t">Seaton's aunt /</marc:subfield>
			<marc:subfield code="r">Walter de la Mare --</marc:subfield>
			<marc:subfield code="t">The colour out of space /</marc:subfield>
			<marc:subfield code="r">H. P. Lovecraft --</marc:subfield>
			<marc:subfield code="g">A note on the selection.</marc:subfield>
		</marc:datafield>
		<marc:datafield tag="520" ind1=" " ind2=" ">
			<marc:subfield code="a">"From the fictional land of Carcosa that inspired the HBO show True Detective to H.P. Lovecraft's accursed New England hills, this collection features some of the most legendary landscapes of the cosmic horror genre. The collection includes the following twelve stories: Edgar Allan Poe, "MS. Found in a Bottle" Bram Stoker, "The Squaw" Ambrose Bierce, "Moxon's Master" Ambrose Bierce, "The Damned Thing" Ambrose Bierce, "An Inhabitant of Carcosa" R.W. Chambers, "The Repairer of Reputations" M.P. Shiel, "The House of Sounds" Arthur Machen, "The White People" Algernon Blackwood, "The Willows" Henry James, "The Jolly Corner" Walter de la Mare, "Seaton's Aunt" H.P. Lovecraft, "The Colour Out of Space" "The true weird tale has something more than a secret murder, bloody bones, or a sheeted form clanking chains. An atmosphere of breathless and unexplainable dread of outer, unknown forces must be present; a hint of that most terrible conception of the human brain--a malign and particular suspension or defeat of those fixed laws of Nature which are our only safeguard against the assaults of chaos and the daemons of unplumbed space."--H.P. Lovecraft"--</marc:subfield>
			<marc:subfield code="c">Provided by publisher.</marc:subfield>
		</marc:datafield>
		<marc:datafield tag="650" ind1=" " ind2="4">
			<marc:subfield code="a">Anthologies</marc:subfield>
		</marc:datafield>
		<marc:datafield tag="650" ind1=" " ind2="4">
			<marc:subfield code="a">Horror tales</marc:subfield>
		</marc:datafield>
		<marc:datafield tag="655" ind1=" " ind2="4">
			<marc:subfield code="a">Fiction</marc:subfield>
		</marc:datafield>
		<marc:datafield tag="655" ind1=" " ind2="4">
			<marc:subfield code="a">Horror</marc:subfield>
		</marc:datafield>
		<marc:datafield tag="655" ind1=" " ind2="4">
			<marc:subfield code="a">Fantasy</marc:subfield>
		</marc:datafield>
		<marc:datafield tag="655" ind1=" " ind2="4">
			<marc:subfield code="a">Short stories</marc:subfield>
		</marc:datafield>
		<marc:datafield tag="700" ind1="1" ind2=" ">
			<marc:subfield code="a">Lovecraft, H. P.</marc:subfield>
			<marc:subfield code="q">(Howard Phillips)</marc:subfield>
			<marc:subfield code="d">1890-1937</marc:subfield>
			<marc:subfield code="e">contributor</marc:subfield>
			<marc:subfield code="4">ctb</marc:subfield>
			<marc:subfield code="1">http://viaf.org/viaf/66470391</marc:subfield>
		</marc:datafield>
		<marc:datafield tag="700" ind1="1" ind2="2">
			<marc:subfield code="a">Lovecraft, H. P.</marc:subfield>
			<marc:subfield code="q">(Howard Phillips)</marc:subfield>
			<marc:subfield code="d">1890-1937</marc:subfield>
			<marc:subfield code="t">The Colour Out of Space</marc:subfield>
			<marc:subfield code="1">http://viaf.org/viaf/307986907</marc:subfield>
		</marc:datafield>
		<marc:datafield tag="700" ind1="1" ind2=" ">
			<marc:subfield code="a">Burns, Charles</marc:subfield>
			<marc:subfield code="d">1955-</marc:subfield>
			<marc:subfield code="e">cover designer</marc:subfield>
			<marc:subfield code="4">cov</marc:subfield>
			<marc:subfield code="1">http://viaf.org/viaf/23302371</marc:subfield>
		</marc:datafield>
		<marc:datafield tag="776" ind1="0" ind2="8">
			<marc:subfield code="i">Online version:</marc:subfield>
			<marc:subfield code="t">Shadows of Carcosa.</marc:subfield>
			<marc:subfield code="d">New York : New York Review Books, [2015]</marc:subfield>
			<marc:subfield code="z">9781590178737</marc:subfield>
			<marc:subfield code="w">(DLC) 2015025385</marc:subfield>
		</marc:datafield>
		<marc:datafield tag="830" ind1=" " ind2="0">
			<marc:subfield code="a">New York Review Books classics.</marc:subfield>
			<marc:subfield code="0">http://id.loc.gov/authorities/names/n00036129</marc:subfield>
		</marc:datafield>
		<marc:datafield tag="856" ind1="4" ind2="2">
			<marc:subfield code="3">Cover image</marc:subfield>
			<marc:subfield code="u">9781590179437.jpg</marc:subfield>
		</marc:datafield>
		<marc:datafield tag="019" ind1=" " ind2=" ">
			<marc:subfield code="a">900180005</marc:subfield>
		</marc:datafield>
	</marc:record>