
	<marc:record>
		<marc:leader>04289cam a2200481 i 4500</marc:leader>
		<marc:controlfield tag="001">ocn922012930</marc:controlfield>
		<marc:controlfield tag="003">OCoLC</marc:controlfield>
		<marc:controlfield tag="005">20151203104910.0</marc:controlfield>
		<marc:controlfield tag="008">150921s2015    nyu  o        000 j eng c</marc:controlfield>
		<marc:datafield tag="020" ind1=" " ind2=" ">
			<marc:subfield code="a">9781614981084</marc:subfield>
			<marc:subfield code="q">set</marc:subfield>
		</marc:datafield>
		<marc:datafield tag="020" ind1=" " ind2=" ">
			<marc:subfield code="a">1614981086</marc:subfield>
			<marc:subfield code="q">set</marc:subfield>
		</marc:datafield>
		<marc:datafield tag="035" ind1=" " ind2=" ">
			<marc:subfield code="a">(Sirsi) a3369013</marc:subfield>
		</marc:datafield>
		<marc:datafield tag="035" ind1=" " ind2=" ">
			<marc:subfield code="a">(OCoLC)922012930</marc:subfield>
		</marc:datafield>
		<marc:datafield tag="040" ind1=" " ind2=" ">
			<marc:subfield code="a">YDXCP</marc:subfield>
			<marc:subfield code="b">eng</marc:subfield>
			<marc:subfield code="e">rda</marc:subfield>
			<marc:subfield code="c">YDXCP</marc:subfield>
			<marc:subfield code="d">CUY</marc:subfield>
		</marc:datafield>
		<marc:datafield tag="042" ind1=" " ind2=" ">
			<marc:subfield code="a">pcc</marc:subfield>
		</marc:datafield>
		<marc:datafield tag="050" ind1=" " ind2="4">
			<marc:subfield code="a">PS3523.O833</marc:subfield>
			<marc:subfield code="b">A6 2015</marc:subfield>
		</marc:datafield>
		<marc:datafield tag="090" ind1=" " ind2=" ">
			<marc:subfield code="a">FICTION LOV</marc:subfield>
			<marc:subfield code="e">ME</marc:subfield>
		</marc:datafield>
		<marc:datafield tag="100" ind1="1" ind2=" ">
			<marc:subfield code="a">Lovecraft, H. P.</marc:subfield>
			<marc:subfield code="q">(Howard Phillips)</marc:subfield>
			<marc:subfield code="d">1890-1937</marc:subfield>
			<marc:subfield code="e">author</marc:subfield>
			<marc:subfield code="4">aut</marc:subfield>
			<marc:subfield code="1">http://viaf.org/viaf/66470391</marc:subfield>
		</marc:datafield>
		<marc:datafield tag="245" ind1="1" ind2="0">
			<marc:subfield code="a">Collected fiction :</marc:subfield>
			<marc:subfield code="b">a variorum edition /</marc:subfield>
			<marc:subfield code="c">H.P. Lovecraft ; edited by S.T. Joshi.</marc:subfield>
		</marc:datafield>
		<marc:datafield tag="264" ind1=" " ind2="1">
			<marc:subfield code="a">New York :</marc:subfield>
			<marc:subfield code="b">Hippocampus Press,</marc:subfield>
			<marc:subfield code="c">[2015]</marc:subfield>
		</marc:datafield>
		<marc:datafield tag="300" ind1=" " ind2=" ">
			<marc:subfield code="a">3 volumes :</marc:subfield>
			<marc:subfield code="b">photographs ;</marc:subfield>
			<marc:subfield code="c">24 cm</marc:subfield>
		</marc:datafield>
		<marc:datafield tag="336" ind1=" " ind2=" ">
			<marc:subfield code="a">text</marc:subfield>
			<marc:subfield code="2">rdacontent</marc:subfield>
			<marc:subfield code="0">http://id.loc.gov/vocabulary/contentTypes/txt</marc:subfield>
		</marc:datafield>
		<marc:datafield tag="337" ind1=" " ind2=" ">
			<marc:subfield code="a">unmediated</marc:subfield>
			<marc:subfield code="2">rdamedia</marc:subfield>
			<marc:subfield code="0">http://id.loc.gov/vocabulary/mediaTypes/n</marc:subfield>
		</marc:datafield>
		<marc:datafield tag="338" ind1=" " ind2=" ">
			<marc:subfield code="a">volume</marc:subfield>
			<marc:subfield code="2">rdacarrier</marc:subfield>
			<marc:subfield code="0">http://id.loc.gov/vocabulary/carriers/nc</marc:subfield>
		</marc:datafield>
		<marc:datafield tag="380" ind1=" " ind2=" ">
			<marc:subfield code="a">Short story</marc:subfield>
		</marc:datafield>
		<marc:datafield tag="504" ind1=" " ind2=" ">
			<marc:subfield code="a">Includes bibliographical references.</marc:subfield>
		</marc:datafield>
		<marc:datafield tag="505" ind1="0" ind2="0">
			<marc:subfield code="g">Volume 1. 1905-1925 --</marc:subfield>
			<marc:subfield code="g">Introduction --</marc:subfield>
			<marc:subfield code="t">The beast in the cave --</marc:subfield>
			<marc:subfield code="t">The alchemist --</marc:subfield>
			<marc:subfield code="t">The tomb --</marc:subfield>
			<marc:subfield code="t">Dagon --</marc:subfield>
			<marc:subfield code="t">A reminiscence of Dr. Samuel Johnson --</marc:subfield>
			<marc:subfield code="t">Polaris --</marc:subfield>
			<marc:subfield code="t">Beyond the wall of sleep --</marc:subfield>
			<marc:subfield code="t">Memory --</marc:subfield>
			<marc:subfield code="t">Old bugs --</marc:subfield>
			<marc:subfield code="t">The transition of Juan Romero --</marc:subfield>
			<marc:subfield code="t">The white ship --</marc:subfield>
			<marc:subfield code="t">The street --</marc:subfield>
			<marc:subfield code="t">The doom that came to Sarnath --</marc:subfield>
			<marc:subfield code="t">The statement of Randolph Carter --</marc:subfield>
			<marc:subfield code="t">The terrible old man --</marc:subfield>
			<marc:subfield code="t">The tree --</marc:subfield>
			<marc:subfield code="t">The cats of Ulthar --</marc:subfield>
			<marc:subfield code="t">The temple --</marc:subfield>
			<marc:subfield code="t">Facts concerning the Late Arthur Jermyn and his family --</marc:subfield>
			<marc:subfield code="t">Celephais --</marc:subfield>
			<marc:subfield code="t">From beyond --</marc:subfield>
			<marc:subfield code="t">Nyarlathotep --</marc:subfield>
			<marc:subfield code="t">The picture in the house --</marc:subfield>
			<marc:subfield code="t">Ex oblivione --</marc:subfield>
			<marc:subfield code="t">Sweet Ermengarde; or, the heart of a country girl ;</marc:subfield>
			<marc:subfield code="t">The nameless city --</marc:subfield>
			<marc:subfield code="t">The quest of Iranon --</marc:subfield>
			<marc:subfield code="t">The moon-bog --</marc:subfield>
			<marc:subfield code="t">The outsider --</marc:subfield>
			<marc:subfield code="t">The other gods --</marc:subfield>
			<marc:subfield code="t">The music of Erich Zann --</marc:subfield>
			<marc:subfield code="t">Herbert West -Reanimator --</marc:subfield>
			<marc:subfield code="t">Hypnos --</marc:subfield>
			<marc:subfield code="t">What the moon brings --</marc:subfield>
			<marc:subfield code="t">Azathoth --</marc:subfield>
			<marc:subfield code="t">The hound --</marc:subfield>
			<marc:subfield code="t">The lurking fear --</marc:subfield>
			<marc:subfield code="t">The rats in the walls --</marc:subfield>
			<marc:subfield code="t">The unnamable --</marc:subfield>
			<marc:subfield code="t">The festival --</marc:subfield>
			<marc:subfield code="t">Under the pyramids --</marc:subfield>
			<marc:subfield code="t">The shunned house --</marc:subfield>
			<marc:subfield code="t">The horror at Red Hook --</marc:subfield>
			<marc:subfield code="t">He --</marc:subfield>
			<marc:subfield code="t">In the vault.</marc:subfield>
		</marc:datafield>
		<marc:datafield tag="505" ind1="0" ind2="0">
			<marc:subfield code="g">Volume 2. 1926-1930 --</marc:subfield>
			<marc:subfield code="g">Introduction --</marc:subfield>
			<marc:subfield code="t">Cool air --</marc:subfield>
			<marc:subfield code="t">The call of Cthulhu --</marc:subfield>
			<marc:subfield code="t">Pickman's model --</marc:subfield>
			<marc:subfield code="t">the silver key --</marc:subfield>
			<marc:subfield code="t">The strange high house in the mist --</marc:subfield>
			<marc:subfield code="t">The dream-quest of unknown Kadath --</marc:subfield>
			<marc:subfield code="t">The case of Charles Dexter Ward --</marc:subfield>
			<marc:subfield code="t">The colour out of space --</marc:subfield>
			<marc:subfield code="t">The descendant --</marc:subfield>
			<marc:subfield code="t">History of the "Necronomicon" --</marc:subfield>
			<marc:subfield code="t">Ibid --</marc:subfield>
			<marc:subfield code="t">The Dunwich horror --</marc:subfield>
			<marc:subfield code="t">The whisperer in darkness.</marc:subfield>
		</marc:datafield>
		<marc:datafield tag="505" ind1="0" ind2="0">
			<marc:subfield code="g">Volume 3. 1931-1936 --</marc:subfield>
			<marc:subfield code="g">introduction --</marc:subfield>
			<marc:subfield code="t">at the mountains of madness --</marc:subfield>
			<marc:subfield code="t">The shadow over Innsmouth --</marc:subfield>
			<marc:subfield code="t">The dreams in the Witch House --</marc:subfield>
			<marc:subfield code="t">Through the gates of the silver key --</marc:subfield>
			<marc:subfield code="t">The thing on the doorstep --</marc:subfield>
			<marc:subfield code="t">The book --</marc:subfield>
			<marc:subfield code="t">The shadow out of time --</marc:subfield>
			<marc:subfield code="t">The haunter of the dark --</marc:subfield>
			<marc:subfield code="g">Appendix --</marc:subfield>
			<marc:subfield code="g">[Juvenilia] --</marc:subfield>
			<marc:subfield code="t">the little glass bottle --</marc:subfield>
			<marc:subfield code="t">The secret cave --</marc:subfield>
			<marc:subfield code="t">The mystery of the grave-Yard --</marc:subfield>
			<marc:subfield code="t">The mysterious ship [short version] --</marc:subfield>
			<marc:subfield code="t">The mysterious ship [long version] --</marc:subfield>
			<marc:subfield code="t">The very old folk --</marc:subfield>
			<marc:subfield code="t">The descarded draft of "The shadow over Innsmouth" --</marc:subfield>
			<marc:subfield code="t">The evil clergyman --</marc:subfield>
			<marc:subfield code="t">[Cigarette characterizations] --</marc:subfield>
			<marc:subfield code="t">Of evill sorceries done in New England, of Daemons in No Humane Shape --</marc:subfield>
			<marc:subfield code="g">Bibliography.</marc:subfield>
		</marc:datafield>
		<marc:datafield tag="650" ind1=" " ind2="4">
			<marc:subfield code="a">Cthulhu mythos</marc:subfield>
		</marc:datafield>
		<marc:datafield tag="650" ind1=" " ind2="4">
			<marc:subfield code="a">Collections</marc:subfield>
		</marc:datafield>
		<marc:datafield tag="650" ind1=" " ind2="4">
			<marc:subfield code="a">Horror tales, American</marc:subfield>
		</marc:datafield>
		<marc:datafield tag="655" ind1=" " ind2="4">
			<marc:subfield code="a">Fiction</marc:subfield>
		</marc:datafield>
		<marc:datafield tag="655" ind1=" " ind2="4">
			<marc:subfield code="a">Horror</marc:subfield>
		</marc:datafield>
		<marc:datafield tag="655" ind1=" " ind2="4">
			<marc:subfield code="a">Fantasy</marc:subfield>
		</marc:datafield>
		<marc:datafield tag="655" ind1=" " ind2="4">
			<marc:subfield code="a">Short stories</marc:subfield>
		</marc:datafield>
		<marc:datafield tag="700" ind1="1" ind2="2">
			<marc:subfield code="a">Lovecraft, H. P.</marc:subfield>
			<marc:subfield code="q">(Howard Phillips)</marc:subfield>
			<marc:subfield code="d">1890-1937</marc:subfield>
			<marc:subfield code="t">The Silver Key</marc:subfield>
			<marc:subfield code="1">http://www.isfdb.org/cgi-bin/title.cgi?41900</marc:subfield>
		</marc:datafield>
		<marc:datafield tag="700" ind1="1" ind2="2">
			<marc:subfield code="a">Lovecraft, H. P.</marc:subfield>
			<marc:subfield code="q">(Howard Phillips)</marc:subfield>
			<marc:subfield code="d">1890-1937</marc:subfield>
			<marc:subfield code="t">Ibid</marc:subfield>
			<marc:subfield code="1">http://www.isfdb.org/cgi-bin/title.cgi?964981</marc:subfield>
		</marc:datafield>
		<marc:datafield tag="700" ind1="1" ind2="2">
			<marc:subfield code="a">Lovecraft, H. P.</marc:subfield>
			<marc:subfield code="q">(Howard Phillips)</marc:subfield>
			<marc:subfield code="d">1890-1937</marc:subfield>
			<marc:subfield code="t">The Shadow Out of Time</marc:subfield>
			<marc:subfield code="1">http://www.isfdb.org/cgi-bin/title.cgi?47935</marc:subfield>
		</marc:datafield>
		<marc:datafield tag="700" ind1="1" ind2=" ">
			<marc:subfield code="a">Joshi, S. T.</marc:subfield>
			<marc:subfield code="d">1958-</marc:subfield>
			<marc:subfield code="e">editor</marc:subfield>
			<marc:subfield code="4">edt</marc:subfield>
			<marc:subfield code="1">http://viaf.org/viaf/34508371</marc:subfield>
		</marc:datafield>
		<marc:datafield tag="700" ind1="1" ind2="2">
			<marc:subfield code="a">Lovecraft, H. P.</marc:subfield>
			<marc:subfield code="q">(Howard Phillips)</marc:subfield>
			<marc:subfield code="d">1890-1937</marc:subfield>
			<marc:subfield code="t">What the Moon Brings</marc:subfield>
			<marc:subfield code="1">http://www.isfdb.org/cgi-bin/title.cgi?69023</marc:subfield>
		</marc:datafield>
		<marc:datafield tag="700" ind1="1" ind2="2">
			<marc:subfield code="a">Lovecraft, H. P.</marc:subfield>
			<marc:subfield code="q">(Howard Phillips)</marc:subfield>
			<marc:subfield code="d">1890-1937</marc:subfield>
			<marc:subfield code="t">Cool Air</marc:subfield>
			<marc:subfield code="1">http://www.isfdb.org/cgi-bin/title.cgi?41898</marc:subfield>
		</marc:datafield>
		<marc:datafield tag="700" ind1="1" ind2="2">
			<marc:subfield code="a">Lovecraft, H. P.</marc:subfield>
			<marc:subfield code="q">(Howard Phillips)</marc:subfield>
			<marc:subfield code="d">1890-1937</marc:subfield>
			<marc:subfield code="t">History of the Necronomicon</marc:subfield>
			<marc:subfield code="1">http://www.isfdb.org/cgi-bin/title.cgi?69028</marc:subfield>
		</marc:datafield>
		<marc:datafield tag="700" ind1="1" ind2=" ">
			<marc:subfield code="a">Fitzpatrick, Fergal</marc:subfield>
			<marc:subfield code="e">cover designer</marc:subfield>
			<marc:subfield code="4">cov</marc:subfield>
			<marc:subfield code="1">http://www.isfdb.org/cgi-bin/ea.cgi?209882</marc:subfield>
		</marc:datafield>
	</marc:record>