
	<marc:record>
		<marc:leader>02978cam a2200397Ii 4500</marc:leader>
		<marc:controlfield tag="001">ocn927046547</marc:controlfield>
		<marc:controlfield tag="003">OCoLC</marc:controlfield>
		<marc:controlfield tag="005">20151203104603.0</marc:controlfield>
		<marc:controlfield tag="008">151027t20152015cau           000 j eng d</marc:controlfield>
		<marc:datafield tag="020" ind1=" " ind2=" ">
			<marc:subfield code="a">9781939905130</marc:subfield>
		</marc:datafield>
		<marc:datafield tag="020" ind1=" " ind2=" ">
			<marc:subfield code="a">1939905133</marc:subfield>
		</marc:datafield>
		<marc:datafield tag="035" ind1=" " ind2=" ">
			<marc:subfield code="a">(Sirsi) a3369012</marc:subfield>
		</marc:datafield>
		<marc:datafield tag="035" ind1=" " ind2=" ">
			<marc:subfield code="a">(OCoLC)927046547</marc:subfield>
		</marc:datafield>
		<marc:datafield tag="040" ind1=" " ind2=" ">
			<marc:subfield code="a">ORX</marc:subfield>
			<marc:subfield code="b">eng</marc:subfield>
			<marc:subfield code="e">rda</marc:subfield>
			<marc:subfield code="c">ORX</marc:subfield>
		</marc:datafield>
		<marc:datafield tag="090" ind1=" " ind2=" ">
			<marc:subfield code="a">FICTION CTH</marc:subfield>
			<marc:subfield code="e">ME</marc:subfield>
		</marc:datafield>
		<marc:datafield tag="100" ind1="1" ind2=" ">
			<marc:subfield code="a">Lockhart, Ross E.</marc:subfield>
			<marc:subfield code="e">editor,</marc:subfield>
			<marc:subfield code="e">writer of introduction</marc:subfield>
			<marc:subfield code="4">edt</marc:subfield>
			<marc:subfield code="4">aui</marc:subfield>
			<marc:subfield code="1">http://viaf.org/viaf/185406156</marc:subfield>
		</marc:datafield>
		<marc:datafield tag="240" ind1=" " ind2=" ">
			<marc:subfield code="a">Cthulhu Fhtagn!</marc:subfield>
			<marc:subfield code="1">http://www.isfdb.org/cgi-bin/pl.cgi?541804</marc:subfield>
		</marc:datafield>
		<marc:datafield tag="245" ind1="0" ind2="0">
			<marc:subfield code="a">Cthulhu fhtagn! :</marc:subfield>
			<marc:subfield code="b">weird tales inspired by H. P. Lovecraft /</marc:subfield>
			<marc:subfield code="c">edited by Ross E. Lockhart.</marc:subfield>
		</marc:datafield>
		<marc:datafield tag="250" ind1=" " ind2=" ">
			<marc:subfield code="a">First edition.</marc:subfield>
		</marc:datafield>
		<marc:datafield tag="264" ind1=" " ind2="1">
			<marc:subfield code="a">Petaluma, CA :</marc:subfield>
			<marc:subfield code="b">Word Horde,</marc:subfield>
			<marc:subfield code="c">[2015]</marc:subfield>
		</marc:datafield>
		<marc:datafield tag="264" ind1=" " ind2="4">
			<marc:subfield code="c">©2015</marc:subfield>
		</marc:datafield>
		<marc:datafield tag="300" ind1=" " ind2=" ">
			<marc:subfield code="a">315 pages</marc:subfield>
			<marc:subfield code="c">23 cm</marc:subfield>
		</marc:datafield>
		<marc:datafield tag="336" ind1=" " ind2=" ">
			<marc:subfield code="a">text</marc:subfield>
			<marc:subfield code="b">txt</marc:subfield>
			<marc:subfield code="2">rdacontent</marc:subfield>
			<marc:subfield code="0">http://id.loc.gov/vocabulary/contentTypes/txt</marc:subfield>
		</marc:datafield>
		<marc:datafield tag="337" ind1=" " ind2=" ">
			<marc:subfield code="a">unmediated</marc:subfield>
			<marc:subfield code="b">n</marc:subfield>
			<marc:subfield code="2">rdamedia</marc:subfield>
			<marc:subfield code="0">http://id.loc.gov/vocabulary/mediaTypes/n</marc:subfield>
		</marc:datafield>
		<marc:datafield tag="338" ind1=" " ind2=" ">
			<marc:subfield code="a">volume</marc:subfield>
			<marc:subfield code="b">nc</marc:subfield>
			<marc:subfield code="2">rdacarrier</marc:subfield>
			<marc:subfield code="0">http://id.loc.gov/vocabulary/carriers/nc</marc:subfield>
		</marc:datafield>
		<marc:datafield tag="380" ind1=" " ind2=" ">
			<marc:subfield code="a">Short story</marc:subfield>
		</marc:datafield>
		<marc:datafield tag="505" ind1="0" ind2="0">
			<marc:subfield code="g">Introduction: In His House at R'lyeh / Ross E. Lockhart --</marc:subfield>
			<marc:subfield code="t">The Lightning Splitter /</marc:subfield>
			<marc:subfield code="r">Walter Greatshell --</marc:subfield>
			<marc:subfield code="t">Dead Canyons /</marc:subfield>
			<marc:subfield code="r">Ann K. Schwader --</marc:subfield>
			<marc:subfield code="t">Delirium Sings at the Maelstrom Window /</marc:subfield>
			<marc:subfield code="r">Michael Griffin --</marc:subfield>
			<marc:subfield code="t">Into Ye Smoke-Wreath'd World of Dream /</marc:subfield>
			<marc:subfield code="r">W. H. Pugmire --</marc:subfield>
			<marc:subfield code="t">The Lurker In the Shadows /</marc:subfield>
			<marc:subfield code="r">Nathan Carson --</marc:subfield>
			<marc:subfield code="t">The Insectivore /</marc:subfield>
			<marc:subfield code="r">Orrin Grey --</marc:subfield>
			<marc:subfield code="t">The Body Shop /</marc:subfield>
			<marc:subfield code="r">Richard Lee Byers --</marc:subfield>
			<marc:subfield code="t">On a Kansas Plain /</marc:subfield>
			<marc:subfield code="r">Michael J. Martinez --</marc:subfield>
			<marc:subfield code="t">The Prince of Lyghes /</marc:subfield>
			<marc:subfield code="r">Anya Martin --</marc:subfield>
			<marc:subfield code="t">The Curious Death of Sir Arthur Turnbridge /</marc:subfield>
			<marc:subfield code="r">G. D. Falksen --</marc:subfield>
			<marc:subfield code="t">Aerkheim's Horror /</marc:subfield>
			<marc:subfield code="r">Christine Morgan --</marc:subfield>
			<marc:subfield code="t">Return of the Prodigy /</marc:subfield>
			<marc:subfield code="r">T.E. Grau --</marc:subfield>
			<marc:subfield code="t">The Curse of the Old Ones /</marc:subfield>
			<marc:subfield code="r">Molly Tanzer and Jesse Bullington --</marc:subfield>
			<marc:subfield code="t">Love Will Save You /</marc:subfield>
			<marc:subfield code="r">Cameron Pierce --</marc:subfield>
			<marc:subfield code="t">Assemblage Point /</marc:subfield>
			<marc:subfield code="r">Scott R. Jones --</marc:subfield>
			<marc:subfield code="t">The Return of Sarnath /</marc:subfield>
			<marc:subfield code="r">Gord Sellar --</marc:subfield>
			<marc:subfield code="t">The Long Dark /</marc:subfield>
			<marc:subfield code="r">Wendy N. Wagner --</marc:subfield>
			<marc:subfield code="t">Green Revolution /</marc:subfield>
			<marc:subfield code="r">Cody Goodfellow --</marc:subfield>
			<marc:subfield code="t">Don't Make Me Assume My Ultimate Form /</marc:subfield>
			<marc:subfield code="r">Laird Barron.</marc:subfield>
		</marc:datafield>
		<marc:datafield tag="520" ind1=" " ind2=" ">
			<marc:subfield code="a">"In his house at R'lyeh, Cthulhu waits dreaming... What are the dreams that monsters dream? When will the stars grow right? Where are the sunken temples in which the dreamers dwell? How will it all change when they come home? Within these pages lie the answers, and more, in all-new stories by many of the brightest lights in dark fiction. Gathered together by Ross E. Lockhart, the editor who brought you The Book of Cthulhu, The Children of Old Leech, and Giallo Fantastique, Cthulhu Fhtagn! features nineteen weird tales inspired by H. P. Lovecraft." --</marc:subfield>
			<marc:subfield code="c">Amazon.com</marc:subfield>
		</marc:datafield>
		<marc:datafield tag="600" ind1="1" ind2="4">
			<marc:subfield code="a">Lovecraft, H. P.</marc:subfield>
			<marc:subfield code="q">(Howard Phillips)</marc:subfield>
			<marc:subfield code="d">1890-1937</marc:subfield>
			<marc:subfield code="v">Parodies, imitations, etc.</marc:subfield>
			<marc:subfield code="x">Influence</marc:subfield>
			<marc:subfield code="1">http://viaf.org/viaf/66470391</marc:subfield>
		</marc:datafield>
		<marc:datafield tag="650" ind1=" " ind2="4">
			<marc:subfield code="a">Cthulhu mythos</marc:subfield>
		</marc:datafield>
		<marc:datafield tag="650" ind1=" " ind2="4">
			<marc:subfield code="a">Anthologies</marc:subfield>
		</marc:datafield>
		<marc:datafield tag="655" ind1=" " ind2="4">
			<marc:subfield code="a">Fiction</marc:subfield>
		</marc:datafield>
		<marc:datafield tag="655" ind1=" " ind2="4">
			<marc:subfield code="a">Horror</marc:subfield>
		</marc:datafield>
		<marc:datafield tag="655" ind1=" " ind2="4">
			<marc:subfield code="a">Fantasy</marc:subfield>
		</marc:datafield>
		<marc:datafield tag="655" ind1=" " ind2="4">
			<marc:subfield code="a">Short stories</marc:subfield>
		</marc:datafield>
		<marc:datafield tag="700" ind1="1" ind2=" ">
			<marc:subfield code="a">Navarro Siguenza, Adolfo Gerardo</marc:subfield>
			<marc:subfield code="e">cover designer</marc:subfield>
			<marc:subfield code="4">cov</marc:subfield>
			<marc:subfield code="1">http://viaf.org/viaf/61226543</marc:subfield>
		</marc:datafield>
	</marc:record>