
	<marc:record>
		<marc:leader>04308cam a22004578i 4500</marc:leader>
		<marc:controlfield tag="001">18316654</marc:controlfield>
		<marc:controlfield tag="005">20140925155808.0</marc:controlfield>
		<marc:controlfield tag="008">140925s2015    nyu           000 j eng  </marc:controlfield>
		<marc:datafield tag="010" ind1=" " ind2=" ">
			<marc:subfield code="a">  2014034217</marc:subfield>
		</marc:datafield>
		<marc:datafield tag="020" ind1=" " ind2=" ">
			<marc:subfield code="a">9781250041715 (pbk.)</marc:subfield>
		</marc:datafield>
		<marc:datafield tag="035" ind1=" " ind2=" ">
			<marc:subfield code="a">(Sirsi) a3215262</marc:subfield>
		</marc:datafield>
		<marc:datafield tag="040" ind1=" " ind2=" ">
			<marc:subfield code="a">DLC</marc:subfield>
			<marc:subfield code="b">eng</marc:subfield>
			<marc:subfield code="e">rda</marc:subfield>
			<marc:subfield code="c">DLC</marc:subfield>
		</marc:datafield>
		<marc:datafield tag="042" ind1=" " ind2=" ">
			<marc:subfield code="a">pcc</marc:subfield>
		</marc:datafield>
		<marc:datafield tag="050" ind1="0" ind2="0">
			<marc:subfield code="a">PN6071.H727</marc:subfield>
			<marc:subfield code="b">U53 2015</marc:subfield>
		</marc:datafield>
		<marc:datafield tag="082" ind1="0" ind2="0">
			<marc:subfield code="a">808.83/8738</marc:subfield>
			<marc:subfield code="2">23</marc:subfield>
		</marc:datafield>
		<marc:datafield tag="084" ind1=" " ind2=" ">
			<marc:subfield code="a">FIC010000</marc:subfield>
			<marc:subfield code="a">FIC009040</marc:subfield>
			<marc:subfield code="2">bisacsh</marc:subfield>
		</marc:datafield>
		<marc:datafield tag="090" ind1=" " ind2=" ">
			<marc:subfield code="a">SHORT STORIES UNC</marc:subfield>
		</marc:datafield>
		<marc:datafield tag="090" ind1=" " ind2=" ">
			<marc:subfield code="a">SCIENCE FICTION UNC</marc:subfield>
			<marc:subfield code="e">ME</marc:subfield>
		</marc:datafield>
		<marc:datafield tag="100" ind1="1" ind2=" ">
			<marc:subfield code="a">Sandor, Marjorie</marc:subfield>
			<marc:subfield code="d">1957-</marc:subfield>
			<marc:subfield code="e">editor</marc:subfield>
			<marc:subfield code="4">edt</marc:subfield>
			<marc:subfield code="1">http://viaf.org/viaf/31096467</marc:subfield>
		</marc:datafield>
		<marc:datafield tag="240" ind1=" " ind2=" ">
			<marc:subfield code="a">The Uncanny Reader: Stories from the Shadows</marc:subfield>
			<marc:subfield code="1">http://www.isfdb.org/cgi-bin/pl.cgi?496329</marc:subfield>
		</marc:datafield>
		<marc:datafield tag="245" ind1="0" ind2="4">
			<marc:subfield code="a">The uncanny reader :</marc:subfield>
			<marc:subfield code="b">stories from the shadows /</marc:subfield>
			<marc:subfield code="c">edited by Marjorie Sandor.</marc:subfield>
		</marc:datafield>
		<marc:datafield tag="250" ind1=" " ind2=" ">
			<marc:subfield code="a">First U.S. edition.</marc:subfield>
		</marc:datafield>
		<marc:datafield tag="263" ind1=" " ind2=" ">
			<marc:subfield code="a">1502</marc:subfield>
		</marc:datafield>
		<marc:datafield tag="264" ind1=" " ind2="1">
			<marc:subfield code="a">New York :</marc:subfield>
			<marc:subfield code="b">St. Martin's Griffin,</marc:subfield>
			<marc:subfield code="c">2015.</marc:subfield>
		</marc:datafield>
		<marc:datafield tag="300" ind1=" " ind2=" ">
			<marc:subfield code="a">559 pages</marc:subfield>
			<marc:subfield code="c">21 cm</marc:subfield>
		</marc:datafield>
		<marc:datafield tag="336" ind1=" " ind2=" ">
			<marc:subfield code="a">text</marc:subfield>
			<marc:subfield code="b">txt</marc:subfield>
			<marc:subfield code="2">rdacontent</marc:subfield>
			<marc:subfield code="0">http://id.loc.gov/vocabulary/contentTypes/txt</marc:subfield>
		</marc:datafield>
		<marc:datafield tag="337" ind1=" " ind2=" ">
			<marc:subfield code="a">unmediated</marc:subfield>
			<marc:subfield code="b">n</marc:subfield>
			<marc:subfield code="2">rdamedia</marc:subfield>
			<marc:subfield code="0">http://id.loc.gov/vocabulary/mediaTypes/n</marc:subfield>
		</marc:datafield>
		<marc:datafield tag="338" ind1=" " ind2=" ">
			<marc:subfield code="a">volume</marc:subfield>
			<marc:subfield code="b">nc</marc:subfield>
			<marc:subfield code="2">rdacarrier</marc:subfield>
			<marc:subfield code="0">http://id.loc.gov/vocabulary/carriers/nc</marc:subfield>
		</marc:datafield>
		<marc:datafield tag="380" ind1=" " ind2=" ">
			<marc:subfield code="a">Short story</marc:subfield>
		</marc:datafield>
		<marc:datafield tag="505" ind1="0" ind2="0">
			<marc:subfield code="t">Unraveling: an introduction /</marc:subfield>
			<marc:subfield code="r">Marjorie Sandor --</marc:subfield>
			<marc:subfield code="t">The sand-man /</marc:subfield>
			<marc:subfield code="r">Ernst Theodor Amadeus Hoffmann --</marc:subfield>
			<marc:subfield code="t">Berenice /</marc:subfield>
			<marc:subfield code="r">Edgar Allan Poe --</marc:subfield>
			<marc:subfield code="t">One of twins /</marc:subfield>
			<marc:subfield code="r">Ambrose Bierce --</marc:subfield>
			<marc:subfield code="t">On the water /</marc:subfield>
			<marc:subfield code="r">Guy de Maupassant --</marc:subfield>
			<marc:subfield code="t">Oysters /</marc:subfield>
			<marc:subfield code="r">Anton Checkhov --</marc:subfield>
			<marc:subfield code="t">Pomegranate seed /</marc:subfield>
			<marc:subfield code="r">Edith Wharton --</marc:subfield>
			<marc:subfield code="t">The stoker /</marc:subfield>
			<marc:subfield code="r">Franz Kafka --</marc:subfield>
			<marc:subfield code="t">Decay /</marc:subfield>
			<marc:subfield code="r">Marjorie Bowen --</marc:subfield>
			<marc:subfield code="t">The music of Erich Zann /</marc:subfield>
			<marc:subfield code="r">H. P. Lovecraft --</marc:subfield>
			<marc:subfield code="t">The birds /</marc:subfield>
			<marc:subfield code="r">Bruno Schulz --</marc:subfield>
			<marc:subfield code="t">The usher /</marc:subfield>
			<marc:subfield code="r">Felisberto Hernández --</marc:subfield>
			<marc:subfield code="t">The waiting room /</marc:subfield>
			<marc:subfield code="r">Robert Aickman --</marc:subfield>
			<marc:subfield code="t">Paranoia /</marc:subfield>
			<marc:subfield code="r">Shirley Jackson --</marc:subfield>
			<marc:subfield code="t">The helper /</marc:subfield>
			<marc:subfield code="r">Joan Aiken --</marc:subfield>
			<marc:subfield code="t">The jesters /</marc:subfield>
			<marc:subfield code="r">Joyce Carol Oates --</marc:subfield>
			<marc:subfield code="t">The devil and Dr. Tuberose /</marc:subfield>
			<marc:subfield code="r">John Herdman --</marc:subfield>
			<marc:subfield code="t">Phantoms /</marc:subfield>
			<marc:subfield code="r">Steven Millhauser --</marc:subfield>
			<marc:subfield code="t">On Jacob's ladder /</marc:subfield>
			<marc:subfield code="r">Steve Stern --</marc:subfield>
			<marc:subfield code="t">The panic hand /</marc:subfield>
			<marc:subfield code="r">Jonathan Carroll --</marc:subfield>
			<marc:subfield code="t">Moriya /</marc:subfield>
			<marc:subfield code="r">Dean Paschal --</marc:subfield>
			<marc:subfield code="t">The puppets /</marc:subfield>
			<marc:subfield code="r">Jean-Christophe Duchon-Doris --</marc:subfield>
			<marc:subfield code="t">Old Mrs. J /</marc:subfield>
			<marc:subfield code="r">Yoko Ogawa --</marc:subfield>
			<marc:subfield code="t">Whitework /</marc:subfield>
			<marc:subfield code="r">Kate Bernheimer --</marc:subfield>
			<marc:subfield code="t">Stone animals /</marc:subfield>
			<marc:subfield code="r">Kelly Link --</marc:subfield>
			<marc:subfield code="t">Tiger mending /</marc:subfield>
			<marc:subfield code="r">Aimee Bender --</marc:subfield>
			<marc:subfield code="t">The black square /</marc:subfield>
			<marc:subfield code="r">Chris Adrian --</marc:subfield>
			<marc:subfield code="t">Foundation /</marc:subfield>
			<marc:subfield code="r">China Miéville --</marc:subfield>
			<marc:subfield code="t">Gothic night /</marc:subfield>
			<marc:subfield code="r">Mansoura Ez Eldin --</marc:subfield>
			<marc:subfield code="t">Reindeer mountain /</marc:subfield>
			<marc:subfield code="r">Karin Tidbeck --</marc:subfield>
			<marc:subfield code="t">Muzungu /</marc:subfield>
			<marc:subfield code="r">C. Namwali Serpell --</marc:subfield>
			<marc:subfield code="t">Haunting Olivia /</marc:subfield>
			<marc:subfield code="r">Karen Russell.</marc:subfield>
		</marc:datafield>
		<marc:datafield tag="520" ind1=" " ind2=" ">
			<marc:subfield code="a">"From the deeply unsettling to the possibly supernatural, these thirty-one border-crossing stories from around the world explore the uncanny in literature, and delve into our increasingly unstable sense of self, home, and planet. The Uncanny Reader: Stories from the Shadows opens with "The Sand-man, " E.T.A. Hoffmann's 1817 tale of dopplegangers and automatons--a tale that inspired generations of writers and thinkers to come. Stories by 19th and 20th century masters of the uncanny--including Edgar Allan Poe, Franz Kafka, and Shirley Jackson--form a foundation for sixteen award-winning contemporary authors, established and new, whose work blurs the boundaries between the familiar and the unknown. These writers come from Egypt, France, Germany, Japan, Poland, Russia, Scotland, England, Sweden, the United States, Uruguay, and Zambia--although their birthplaces are not always the terrains they plumb in their stories, nor do they confine themselves to their own eras. Contemporary authors include: Chris Adrian, Aimee Bender, Kate Bernheimer, Jean-Christophe Duchon-Doris, Mansoura Ez-Eldin, Jonathon Carroll, John Herdman, Kelly Link, Steven Millhauser, Joyce Carol Oates, Yoko Ogawa, Dean Paschal, Karen Russell, Namwali Serpell, Steve Stern and Karen Tidbeck"--</marc:subfield>
			<marc:subfield code="c">Provided by publisher.</marc:subfield>
		</marc:datafield>
		<marc:datafield tag="650" ind1=" " ind2="4">
			<marc:subfield code="a">Horror tales</marc:subfield>
		</marc:datafield>
		<marc:datafield tag="650" ind1=" " ind2="4">
			<marc:subfield code="a">Anthologies</marc:subfield>
		</marc:datafield>
		<marc:datafield tag="655" ind1=" " ind2="4">
			<marc:subfield code="a">Fiction</marc:subfield>
		</marc:datafield>
		<marc:datafield tag="655" ind1=" " ind2="4">
			<marc:subfield code="a">Horror</marc:subfield>
		</marc:datafield>
		<marc:datafield tag="655" ind1=" " ind2="4">
			<marc:subfield code="a">Fantasy</marc:subfield>
		</marc:datafield>
		<marc:datafield tag="655" ind1=" " ind2="4">
			<marc:subfield code="a">Short stories</marc:subfield>
		</marc:datafield>
		<marc:datafield tag="700" ind1="1" ind2=" ">
			<marc:subfield code="a">Lovecraft, H. P.</marc:subfield>
			<marc:subfield code="q">(Howard Phillips)</marc:subfield>
			<marc:subfield code="d">1890-1937</marc:subfield>
			<marc:subfield code="e">contributor</marc:subfield>
			<marc:subfield code="4">ctb</marc:subfield>
			<marc:subfield code="1">http://viaf.org/viaf/66470391</marc:subfield>
		</marc:datafield>
		<marc:datafield tag="700" ind1="1" ind2="2">
			<marc:subfield code="a">Lovecraft, H. P.</marc:subfield>
			<marc:subfield code="q">(Howard Phillips)</marc:subfield>
			<marc:subfield code="d">1890-1937</marc:subfield>
			<marc:subfield code="t">The Music of Erich Zann</marc:subfield>
			<marc:subfield code="1">https://viaf.org/viaf/399145424582886830592</marc:subfield>
		</marc:datafield>
		<marc:datafield tag="856" ind1="4" ind2="2">
			<marc:subfield code="3">Cover image</marc:subfield>
			<marc:subfield code="u">http://www.netread.com/jcusers2/bk1388/715/9781250041715/image/lgcover.9781250041715.jpg</marc:subfield>
		</marc:datafield>
		<marc:datafield tag="963" ind1=" " ind2=" ">
			<marc:subfield code="a">Jeremy Pink; phone: 646-438-6125; email: jeremy.pink@stmartins.com; bc: jeremy.pink@stmartins.com</marc:subfield>
		</marc:datafield>
	</marc:record>