
	<marc:record>
		<marc:leader>02732cam a2200469 i 4500</marc:leader>
		<marc:controlfield tag="001">ocn876882747</marc:controlfield>
		<marc:controlfield tag="003">OCoLC</marc:controlfield>
		<marc:controlfield tag="005">20150122124941.0</marc:controlfield>
		<marc:controlfield tag="008">140416s2015    enka          000 j eng d</marc:controlfield>
		<marc:datafield tag="015" ind1=" " ind2=" ">
			<marc:subfield code="a">GBB4D4392</marc:subfield>
			<marc:subfield code="2">bnb</marc:subfield>
		</marc:datafield>
		<marc:datafield tag="016" ind1="7" ind2=" ">
			<marc:subfield code="a">016955567</marc:subfield>
			<marc:subfield code="2">Uk</marc:subfield>
		</marc:datafield>
		<marc:datafield tag="020" ind1=" " ind2=" ">
			<marc:subfield code="a">9781783291311</marc:subfield>
		</marc:datafield>
		<marc:datafield tag="020" ind1=" " ind2=" ">
			<marc:subfield code="a">1783291311</marc:subfield>
		</marc:datafield>
		<marc:datafield tag="020" ind1=" " ind2=" ">
			<marc:subfield code="a">9781783291311</marc:subfield>
		</marc:datafield>
		<marc:datafield tag="035" ind1=" " ind2=" ">
			<marc:subfield code="a">(Sirsi) a3200225</marc:subfield>
		</marc:datafield>
		<marc:datafield tag="035" ind1=" " ind2=" ">
			<marc:subfield code="a">(OCoLC)876882747</marc:subfield>
		</marc:datafield>
		<marc:datafield tag="040" ind1=" " ind2=" ">
			<marc:subfield code="a">YDXCP</marc:subfield>
			<marc:subfield code="b">eng</marc:subfield>
			<marc:subfield code="c">YDXCP</marc:subfield>
			<marc:subfield code="d">BTCTA</marc:subfield>
			<marc:subfield code="d">BDX</marc:subfield>
			<marc:subfield code="d">UKMGB</marc:subfield>
			<marc:subfield code="d">TOH</marc:subfield>
			<marc:subfield code="d">OCLCQ</marc:subfield>
		</marc:datafield>
		<marc:datafield tag="090" ind1=" " ind2=" ">
			<marc:subfield code="a">SHORT STORIES WEI</marc:subfield>
		</marc:datafield>
		<marc:datafield tag="090" ind1=" " ind2=" ">
			<marc:subfield code="a">FICTION WEI</marc:subfield>
			<marc:subfield code="e">ME</marc:subfield>
		</marc:datafield>
		<marc:datafield tag="100" ind1="1" ind2=" ">
			<marc:subfield code="a">Jones, Stephen</marc:subfield>
			<marc:subfield code="d">1953-</marc:subfield>
			<marc:subfield code="e">editor</marc:subfield>
			<marc:subfield code="4">edt</marc:subfield>
			<marc:subfield code="1">http://viaf.org/viaf/114046456</marc:subfield>
		</marc:datafield>
		<marc:datafield tag="240" ind1=" " ind2=" ">
			<marc:subfield code="a">Weirder Shadows Over Innsmouth</marc:subfield>
			<marc:subfield code="1">http://www.isfdb.org/cgi-bin/pl.cgi?490949</marc:subfield>
		</marc:datafield>
		<marc:datafield tag="245" ind1="0" ind2="0">
			<marc:subfield code="a">Weirder shadows over Innsmouth /</marc:subfield>
			<marc:subfield code="c">edited by Stephen Jones ; illustrated by Randy Broecker</marc:subfield>
		</marc:datafield>
		<marc:datafield tag="260" ind1=" " ind2=" ">
			<marc:subfield code="a">London :</marc:subfield>
			<marc:subfield code="b">Titan Books,</marc:subfield>
			<marc:subfield code="c">2015.</marc:subfield>
		</marc:datafield>
		<marc:datafield tag="300" ind1=" " ind2=" ">
			<marc:subfield code="a">375 pages</marc:subfield>
			<marc:subfield code="b">illustrations ;</marc:subfield>
			<marc:subfield code="c">21 cm</marc:subfield>
		</marc:datafield>
		<marc:datafield tag="336" ind1=" " ind2=" ">
			<marc:subfield code="a">text</marc:subfield>
			<marc:subfield code="b">txt</marc:subfield>
			<marc:subfield code="2">rdacontent</marc:subfield>
			<marc:subfield code="0">http://id.loc.gov/vocabulary/contentTypes/txt</marc:subfield>
		</marc:datafield>
		<marc:datafield tag="337" ind1=" " ind2=" ">
			<marc:subfield code="a">unmediated</marc:subfield>
			<marc:subfield code="b">n</marc:subfield>
			<marc:subfield code="2">rdamedia</marc:subfield>
			<marc:subfield code="0">http://id.loc.gov/vocabulary/mediaTypes/n</marc:subfield>
		</marc:datafield>
		<marc:datafield tag="338" ind1=" " ind2=" ">
			<marc:subfield code="a">volume</marc:subfield>
			<marc:subfield code="b">nc</marc:subfield>
			<marc:subfield code="2">rdacarrier</marc:subfield>
			<marc:subfield code="0">http://id.loc.gov/vocabulary/carriers/nc</marc:subfield>
		</marc:datafield>
		<marc:datafield tag="380" ind1=" " ind2=" ">
			<marc:subfield code="a">Short story</marc:subfield>
		</marc:datafield>
		<marc:datafield tag="500" ind1=" " ind2=" ">
			<marc:subfield code="a">Cover art: John Jude Palencar.</marc:subfield>
		</marc:datafield>
		<marc:datafield tag="505" ind1="0" ind2="0">
			<marc:subfield code="t">Weirder shadows... /</marc:subfield>
			<marc:subfield code="r">Stephen Jones --</marc:subfield>
			<marc:subfield code="t">The port /</marc:subfield>
			<marc:subfield code="r">H. P. Lovecraft --</marc:subfield>
			<marc:subfield code="t">Innsmouth bane /</marc:subfield>
			<marc:subfield code="r">John Glasby --</marc:subfield>
			<marc:subfield code="t">Richard Riddle, boy detective in "The case of the French spy" /</marc:subfield>
			<marc:subfield code="r">Kim Newman --</marc:subfield>
			<marc:subfield code="t">Innsmouth clay /</marc:subfield>
			<marc:subfield code="r">H. P. Lovecraft and</marc:subfield>
			<marc:subfield code="r">August Derleth --</marc:subfield>
			<marc:subfield code="t">The qarchbishop's well /</marc:subfield>
			<marc:subfield code="r">Reggie Oliver --</marc:subfield>
			<marc:subfield code="t">You don't want to know /</marc:subfield>
			<marc:subfield code="r">Adrian Cole --</marc:subfield>
			<marc:subfield code="t">Fish bride /</marc:subfield>
			<marc:subfield code="r">Caitlin R. Kiernan --</marc:subfield>
			<marc:subfield code="t">The hag stone /</marc:subfield>
			<marc:subfield code="r">Conrad Williams --</marc:subfield>
			<marc:subfield code="t">On the reef /</marc:subfield>
			<marc:subfield code="r">Caitlin R. Kiernan --</marc:subfield>
			<marc:subfield code="t">The song of sighs /</marc:subfield>
			<marc:subfield code="r">Angela Slatter --</marc:subfield>
			<marc:subfield code="t">The same deep waters as you /</marc:subfield>
			<marc:subfield code="r">Brian Hodge --</marc:subfield>
			<marc:subfield code="t">The winner /</marc:subfield>
			<marc:subfield code="r">Ramsey Campbell --</marc:subfield>
			<marc:subfield code="t">The transition of Elizabeth Haskings /</marc:subfield>
			<marc:subfield code="r">Caitlin R. Kiernan --</marc:subfield>
			<marc:subfield code="t">The chain /</marc:subfield>
			<marc:subfield code="r">Michael Marshall Smith --</marc:subfield>
			<marc:subfield code="t">Into the water /</marc:subfield>
			<marc:subfield code="r">Simon Kurt Unsworth --</marc:subfield>
			<marc:subfield code="t">Rising, not dreaming /</marc:subfield>
			<marc:subfield code="r">Angela Slatter --</marc:subfield>
			<marc:subfield code="t">The long last night /</marc:subfield>
			<marc:subfield code="r">Brian Lumley.</marc:subfield>
		</marc:datafield>
		<marc:datafield tag="650" ind1=" " ind2="4">
			<marc:subfield code="a">Anthologies</marc:subfield>
		</marc:datafield>
		<marc:datafield tag="650" ind1=" " ind2="4">
			<marc:subfield code="a">Horror tales</marc:subfield>
		</marc:datafield>
		<marc:datafield tag="650" ind1=" " ind2="4">
			<marc:subfield code="a">Cthulhu mythos</marc:subfield>
		</marc:datafield>
		<marc:datafield tag="655" ind1=" " ind2="4">
			<marc:subfield code="a">Short stories</marc:subfield>
		</marc:datafield>
		<marc:datafield tag="655" ind1=" " ind2="4">
			<marc:subfield code="a">Fiction</marc:subfield>
		</marc:datafield>
		<marc:datafield tag="655" ind1=" " ind2="4">
			<marc:subfield code="a">Horror</marc:subfield>
		</marc:datafield>
		<marc:datafield tag="655" ind1=" " ind2="4">
			<marc:subfield code="a">Fantasy</marc:subfield>
		</marc:datafield>
		<marc:datafield tag="700" ind1="1" ind2=" ">
			<marc:subfield code="a">Broecker, Randy</marc:subfield>
			<marc:subfield code="e">illustrator</marc:subfield>
			<marc:subfield code="4">ill</marc:subfield>
			<marc:subfield code="1">http://viaf.org/viaf/23438369</marc:subfield>
		</marc:datafield>
		<marc:datafield tag="700" ind1="1" ind2=" ">
			<marc:subfield code="a">Lovecraft, H. P.</marc:subfield>
			<marc:subfield code="q">(Howard Phillips)</marc:subfield>
			<marc:subfield code="d">1890-1937</marc:subfield>
			<marc:subfield code="e">contributor</marc:subfield>
			<marc:subfield code="4">ctb</marc:subfield>
			<marc:subfield code="1">http://viaf.org/viaf/66470391</marc:subfield>
		</marc:datafield>
		<marc:datafield tag="700" ind1="1" ind2="2">
			<marc:subfield code="a">Lovecraft, H. P.</marc:subfield>
			<marc:subfield code="q">(Howard Phillips)</marc:subfield>
			<marc:subfield code="d">1890-1937</marc:subfield>
			<marc:subfield code="a">Derleth, August</marc:subfield>
			<marc:subfield code="t">Innsmouth Clay</marc:subfield>
			<marc:subfield code="1">http://www.isfdb.org/cgi-bin/title.cgi?68950</marc:subfield>
		</marc:datafield>
		<marc:datafield tag="700" ind1="1" ind2="2">
			<marc:subfield code="a">Lovecraft, H. P.</marc:subfield>
			<marc:subfield code="q">(Howard Phillips)</marc:subfield>
			<marc:subfield code="d">1890-1937</marc:subfield>
			<marc:subfield code="t">The Port</marc:subfield>
			<marc:subfield code="1">http://www.isfdb.org/cgi-bin/title.cgi?107835</marc:subfield>
		</marc:datafield>
		<marc:datafield tag="700" ind1="1" ind2=" ">
			<marc:subfield code="a">Palencar, John Jude</marc:subfield>
			<marc:subfield code="e">cover designer</marc:subfield>
			<marc:subfield code="4">cov</marc:subfield>
			<marc:subfield code="1">http://viaf.org/viaf/81781570</marc:subfield>
		</marc:datafield>
	</marc:record>