
	<marc:record>
		<marc:leader>03620cam a2200517Ii 4500</marc:leader>
		<marc:controlfield tag="001">ocn833301413</marc:controlfield>
		<marc:controlfield tag="003">OCoLC</marc:controlfield>
		<marc:controlfield tag="005">20150520114310.0</marc:controlfield>
		<marc:controlfield tag="008">130328t20142014coua          000 j eng d</marc:controlfield>
		<marc:datafield tag="020" ind1=" " ind2=" ">
			<marc:subfield code="a">1613470533</marc:subfield>
		</marc:datafield>
		<marc:datafield tag="020" ind1=" " ind2=" ">
			<marc:subfield code="a">9781613470534</marc:subfield>
		</marc:datafield>
		<marc:datafield tag="035" ind1=" " ind2=" ">
			<marc:subfield code="a">(Sirsi) a3309339</marc:subfield>
		</marc:datafield>
		<marc:datafield tag="035" ind1=" " ind2=" ">
			<marc:subfield code="a">(OCoLC)833301413</marc:subfield>
		</marc:datafield>
		<marc:datafield tag="040" ind1=" " ind2=" ">
			<marc:subfield code="a">YDXCP</marc:subfield>
			<marc:subfield code="b">eng</marc:subfield>
			<marc:subfield code="e">rda</marc:subfield>
			<marc:subfield code="c">YDXCP</marc:subfield>
			<marc:subfield code="d">BTCTA</marc:subfield>
			<marc:subfield code="d">BDX</marc:subfield>
			<marc:subfield code="d">DYJ</marc:subfield>
			<marc:subfield code="d">TXA</marc:subfield>
			<marc:subfield code="d">DVP</marc:subfield>
			<marc:subfield code="d">OCLCQ</marc:subfield>
			<marc:subfield code="d">OCLCF</marc:subfield>
		</marc:datafield>
		<marc:datafield tag="050" ind1=" " ind2="4">
			<marc:subfield code="a">PN6071.S33</marc:subfield>
			<marc:subfield code="b">M68 2014</marc:subfield>
		</marc:datafield>
		<marc:datafield tag="090" ind1=" " ind2=" ">
			<marc:subfield code="a">FICTION MOU</marc:subfield>
			<marc:subfield code="e">ME</marc:subfield>
		</marc:datafield>
		<marc:datafield tag="100" ind1="1" ind2=" ">
			<marc:subfield code="a">Joshi, S. T.</marc:subfield>
			<marc:subfield code="d">1958-</marc:subfield>
			<marc:subfield code="e">editor</marc:subfield>
			<marc:subfield code="4">edt</marc:subfield>
			<marc:subfield code="1">http://viaf.org/viaf/34508371</marc:subfield>
		</marc:datafield>
		<marc:datafield tag="240" ind1=" " ind2=" ">
			<marc:subfield code="a">A Mountain Walked</marc:subfield>
			<marc:subfield code="1">http://www.isfdb.org/cgi-bin/pl.cgi?438306</marc:subfield>
		</marc:datafield>
		<marc:datafield tag="245" ind1="0" ind2="2">
			<marc:subfield code="a">A mountain walked :</marc:subfield>
			<marc:subfield code="b">great tales of the Cthulhu Mythos /</marc:subfield>
			<marc:subfield code="c">edited by S.T. Joshi.</marc:subfield>
		</marc:datafield>
		<marc:datafield tag="250" ind1=" " ind2=" ">
			<marc:subfield code="a">First edition.</marc:subfield>
		</marc:datafield>
		<marc:datafield tag="264" ind1=" " ind2="1">
			<marc:subfield code="a">Lakewood, Colorado :</marc:subfield>
			<marc:subfield code="b">Centipede Press,</marc:subfield>
			<marc:subfield code="c">[2014]</marc:subfield>
		</marc:datafield>
		<marc:datafield tag="264" ind1=" " ind2="4">
			<marc:subfield code="c">©2014</marc:subfield>
		</marc:datafield>
		<marc:datafield tag="300" ind1=" " ind2=" ">
			<marc:subfield code="a">673 pages</marc:subfield>
			<marc:subfield code="b">color illustrations ;</marc:subfield>
			<marc:subfield code="c">29 cm</marc:subfield>
		</marc:datafield>
		<marc:datafield tag="336" ind1=" " ind2=" ">
			<marc:subfield code="a">text</marc:subfield>
			<marc:subfield code="b">txt</marc:subfield>
			<marc:subfield code="2">rdacontent</marc:subfield>
			<marc:subfield code="0">http://id.loc.gov/vocabulary/contentTypes/txt</marc:subfield>
		</marc:datafield>
		<marc:datafield tag="337" ind1=" " ind2=" ">
			<marc:subfield code="a">unmediated</marc:subfield>
			<marc:subfield code="b">n</marc:subfield>
			<marc:subfield code="2">rdamedia</marc:subfield>
			<marc:subfield code="0">http://id.loc.gov/vocabulary/mediaTypes/n</marc:subfield>
		</marc:datafield>
		<marc:datafield tag="338" ind1=" " ind2=" ">
			<marc:subfield code="a">volume</marc:subfield>
			<marc:subfield code="b">nc</marc:subfield>
			<marc:subfield code="2">rdacarrier</marc:subfield>
			<marc:subfield code="0">http://id.loc.gov/vocabulary/carriers/nc</marc:subfield>
		</marc:datafield>
		<marc:datafield tag="380" ind1=" " ind2=" ">
			<marc:subfield code="a">Short story</marc:subfield>
		</marc:datafield>
		<marc:datafield tag="500" ind1=" " ind2=" ">
			<marc:subfield code="a">Merril copy numbers 164 of a limited edition of 500 copies for sale. Signed by several contributors</marc:subfield>
		</marc:datafield>
		<marc:datafield tag="500" ind1=" " ind2=" ">
			<marc:subfield code="a">Issued in slip case.</marc:subfield>
		</marc:datafield>
		<marc:datafield tag="500" ind1=" " ind2=" ">
			<marc:subfield code="a">Illustrated by Erlend Mørk and several others.</marc:subfield>
		</marc:datafield>
		<marc:datafield tag="500" ind1=" " ind2=" ">
			<marc:subfield code="a">Cover art: David Ho.</marc:subfield>
		</marc:datafield>
		<marc:datafield tag="505" ind1="0" ind2="0">
			<marc:subfield code="g">Introduction / S.T. Joshi --</marc:subfield>
			<marc:subfield code="t">The house of the worm /</marc:subfield>
			<marc:subfield code="r">Mearle Prout --</marc:subfield>
			<marc:subfield code="t">Far below /</marc:subfield>
			<marc:subfield code="r">Robert Barbour Johnson --</marc:subfield>
			<marc:subfield code="t">Spawn of the green abyss /</marc:subfield>
			<marc:subfield code="r">C. Hall Thompson --</marc:subfield>
			<marc:subfield code="t">The deep ones /</marc:subfield>
			<marc:subfield code="r">James Wade --</marc:subfield>
			<marc:subfield code="g">Art portfolio / Erlend Mark --</marc:subfield>
			<marc:subfield code="t">The Franklyn paragraphs /</marc:subfield>
			<marc:subfield code="r">Ramsey Campbell --</marc:subfield>
			<marc:subfield code="t">Where Yidhra walks /</marc:subfield>
			<marc:subfield code="r">Walter C. DeBill, Jr. --</marc:subfield>
			<marc:subfield code="g">Art portfolio / Allen Koszowski --</marc:subfield>
			<marc:subfield code="t">Black man with a horn /</marc:subfield>
			<marc:subfield code="r">T.E.D. Klein --</marc:subfield>
			<marc:subfield code="t">The last feast of harlequin /</marc:subfield>
			<marc:subfield code="r">Thomas Ligotti --</marc:subfield>
			<marc:subfield code="t">Only the end of the world again /</marc:subfield>
			<marc:subfield code="r">Neil Gaiman --</marc:subfield>
			<marc:subfield code="t">Mandelbrot moldrot /</marc:subfield>
			<marc:subfield code="r">Lois H. Gresh --</marc:subfield>
			<marc:subfield code="t">Black Brat of Dunwich ;</marc:subfield>
			<marc:subfield code="g">Art portfolio /</marc:subfield>
			<marc:subfield code="r">Stanley C. Sargent --</marc:subfield>
			<marc:subfield code="t">The phantom of Beguilement /</marc:subfield>
			<marc:subfield code="r">W.H. Pugmire --</marc:subfield>
			<marc:subfield code="t">Hungry rats /</marc:subfield>
			<marc:subfield code="r">Joseph S. Pulver, Sr. --</marc:subfield>
			<marc:subfield code="t">Virgin's island /</marc:subfield>
			<marc:subfield code="r">Donald Tyson --</marc:subfield>
			<marc:subfield code="t">In the shadow of swords /</marc:subfield>
			<marc:subfield code="r">Cody Goodfellow --</marc:subfield>
			<marc:subfield code="t">Mobymart after midnight /</marc:subfield>
			<marc:subfield code="r">Johathan Thomas --</marc:subfield>
			<marc:subfield code="t">A gentleman from Mexico /</marc:subfield>
			<marc:subfield code="r">Mark Samuels --</marc:subfield>
			<marc:subfield code="t">Man with no name /</marc:subfield>
			<marc:subfield code="r">Laird Barron --</marc:subfield>
			<marc:subfield code="t">John Four /</marc:subfield>
			<marc:subfield code="r">Caitlin R. Kierman --</marc:subfield>
			<marc:subfield code="t">Sigma octantis /</marc:subfield>
			<marc:subfield code="r">Rhys Hughes --</marc:subfield>
			<marc:subfield code="g">Amasazo / Gemma Files --</marc:subfield>
			<marc:subfield code="t">The wreck of the Aurora /</marc:subfield>
			<marc:subfield code="r">Patrick McGrath --</marc:subfield>
			<marc:subfield code="t">Thirteen hundred rats /</marc:subfield>
			<marc:subfield code="r">T.C. Boyle --</marc:subfield>
			<marc:subfield code="t">Beneath the beardmore /</marc:subfield>
			<marc:subfield code="r">Michael Shea --</marc:subfield>
			<marc:subfield code="t">Rupa worms from outer space /</marc:subfield>
			<marc:subfield code="r">Denis Tiani --</marc:subfield>
			<marc:subfield code="t">Pickman's model /</marc:subfield>
			<marc:subfield code="r">H.P. Lovecraft ; illustrated by John Kenn Mortensen --</marc:subfield>
			<marc:subfield code="t">The lurking fear /</marc:subfield>
			<marc:subfield code="r">H.P. Lovecraft ; illustrated by Thomas Ott --</marc:subfield>
			<marc:subfield code="t">Excerpts from a notebook /</marc:subfield>
			<marc:subfield code="r">Druzen Kozjan --</marc:subfield>
			<marc:subfield code="g">Cartoons / Julien Bazinet -- Notes / Contributors.</marc:subfield>
		</marc:datafield>
		<marc:datafield tag="600" ind1="1" ind2="4">
			<marc:subfield code="a">Cthulhu</marc:subfield>
			<marc:subfield code="c">(Fictitious character)</marc:subfield>
			<marc:subfield code="1">http://viaf.org/viaf/43148874709149622928</marc:subfield>
		</marc:datafield>
		<marc:datafield tag="650" ind1=" " ind2="4">
			<marc:subfield code="a">Cthulhu mythos</marc:subfield>
		</marc:datafield>
		<marc:datafield tag="650" ind1=" " ind2="4">
			<marc:subfield code="a">Anthologies</marc:subfield>
		</marc:datafield>
		<marc:datafield tag="655" ind1=" " ind2="4">
			<marc:subfield code="a">Fiction</marc:subfield>
		</marc:datafield>
		<marc:datafield tag="655" ind1=" " ind2="4">
			<marc:subfield code="a">Horror</marc:subfield>
		</marc:datafield>
		<marc:datafield tag="655" ind1=" " ind2="4">
			<marc:subfield code="a">Fantasy</marc:subfield>
		</marc:datafield>
		<marc:datafield tag="655" ind1=" " ind2="4">
			<marc:subfield code="a">Science fiction</marc:subfield>
		</marc:datafield>
		<marc:datafield tag="655" ind1=" " ind2="4">
			<marc:subfield code="a">Paranormal</marc:subfield>
		</marc:datafield>
		<marc:datafield tag="655" ind1=" " ind2="4">
			<marc:subfield code="a">Short stories</marc:subfield>
		</marc:datafield>
		<marc:datafield tag="700" ind1="1" ind2=" ">
			<marc:subfield code="a">Lovecraft, H. P.</marc:subfield>
			<marc:subfield code="q">(Howard Phillips)</marc:subfield>
			<marc:subfield code="d">1890-1937</marc:subfield>
			<marc:subfield code="e">contributor</marc:subfield>
			<marc:subfield code="4">ctb</marc:subfield>
			<marc:subfield code="1">http://viaf.org/viaf/66470391</marc:subfield>
		</marc:datafield>
		<marc:datafield tag="700" ind1="1" ind2="2">
			<marc:subfield code="a">Lovecraft, H. P.</marc:subfield>
			<marc:subfield code="q">(Howard Phillips)</marc:subfield>
			<marc:subfield code="d">1890-1937</marc:subfield>
			<marc:subfield code="t">Pickman's Model</marc:subfield>
			<marc:subfield code="1">http://www.isfdb.org/cgi-bin/title.cgi?41899</marc:subfield>
		</marc:datafield>
		<marc:datafield tag="700" ind1="1" ind2="2">
			<marc:subfield code="a">Lovecraft, H. P.</marc:subfield>
			<marc:subfield code="q">(Howard Phillips)</marc:subfield>
			<marc:subfield code="d">1890-1937</marc:subfield>
			<marc:subfield code="t">The Lurking Fear</marc:subfield>
			<marc:subfield code="1">http://www.isfdb.org/cgi-bin/title.cgi?41888</marc:subfield>
		</marc:datafield>
		<marc:datafield tag="700" ind1="1" ind2=" ">
			<marc:subfield code="a">Mørk, Erland</marc:subfield>
			<marc:subfield code="e">illustrator</marc:subfield>
			<marc:subfield code="4">ill</marc:subfield>
		</marc:datafield>
		<marc:datafield tag="700" ind1="1" ind2=" ">
			<marc:subfield code="a">Ho, David</marc:subfield>
			<marc:subfield code="d">1969-</marc:subfield>
			<marc:subfield code="e">cover designer</marc:subfield>
			<marc:subfield code="4">cov</marc:subfield>
			<marc:subfield code="1">http://viaf.org/viaf/311472203</marc:subfield>
		</marc:datafield>
	</marc:record>