
	<marc:record>
		<marc:leader>02328cam a2200469Ii 4500</marc:leader>
		<marc:controlfield tag="001">ocn895726873</marc:controlfield>
		<marc:controlfield tag="003">OCoLC</marc:controlfield>
		<marc:controlfield tag="005">20150202135114.0</marc:controlfield>
		<marc:controlfield tag="008">020813t20142014nyu           000 j eng d</marc:controlfield>
		<marc:datafield tag="020" ind1=" " ind2=" ">
			<marc:subfield code="a">9781614980841</marc:subfield>
			<marc:subfield code="q">(paperback)</marc:subfield>
		</marc:datafield>
		<marc:datafield tag="020" ind1=" " ind2=" ">
			<marc:subfield code="a">1614980845</marc:subfield>
			<marc:subfield code="q">(paperback)</marc:subfield>
		</marc:datafield>
		<marc:datafield tag="035" ind1=" " ind2=" ">
			<marc:subfield code="a">(Sirsi) a3217089</marc:subfield>
		</marc:datafield>
		<marc:datafield tag="035" ind1=" " ind2=" ">
			<marc:subfield code="a">(OCoLC)895726873</marc:subfield>
		</marc:datafield>
		<marc:datafield tag="040" ind1=" " ind2=" ">
			<marc:subfield code="a">CDX</marc:subfield>
			<marc:subfield code="b">eng</marc:subfield>
			<marc:subfield code="e">rda</marc:subfield>
			<marc:subfield code="c">CDX</marc:subfield>
			<marc:subfield code="d">OCLCO</marc:subfield>
			<marc:subfield code="d">CPL</marc:subfield>
			<marc:subfield code="d">CGP</marc:subfield>
			<marc:subfield code="d">OCLCO</marc:subfield>
		</marc:datafield>
		<marc:datafield tag="050" ind1=" " ind2="4">
			<marc:subfield code="a">PS3573.E1953</marc:subfield>
			<marc:subfield code="b">A6 2014</marc:subfield>
		</marc:datafield>
		<marc:datafield tag="082" ind1="0" ind2="4">
			<marc:subfield code="a">813.6</marc:subfield>
		</marc:datafield>
		<marc:datafield tag="090" ind1=" " ind2=" ">
			<marc:subfield code="a">FICTION WEB</marc:subfield>
			<marc:subfield code="e">ME</marc:subfield>
		</marc:datafield>
		<marc:datafield tag="100" ind1="1" ind2=" ">
			<marc:subfield code="a">Webb, Don</marc:subfield>
			<marc:subfield code="e">author</marc:subfield>
			<marc:subfield code="4">aut</marc:subfield>
			<marc:subfield code="1">http://www.isfdb.org/cgi-bin/ea.cgi?1177</marc:subfield>
		</marc:datafield>
		<marc:datafield tag="240" ind1=" " ind2=" ">
			<marc:subfield code="a">Through Dark Angles: Works Inspired by H. P. Lovecraft</marc:subfield>
			<marc:subfield code="1">http://www.isfdb.org/cgi-bin/pl.cgi?472756</marc:subfield>
		</marc:datafield>
		<marc:datafield tag="245" ind1="1" ind2="0">
			<marc:subfield code="a">Through dark angles :</marc:subfield>
			<marc:subfield code="b">works inspired by H.P. Lovecraft /</marc:subfield>
			<marc:subfield code="c">Don Webb.</marc:subfield>
		</marc:datafield>
		<marc:datafield tag="250" ind1=" " ind2=" ">
			<marc:subfield code="a">First edition.</marc:subfield>
		</marc:datafield>
		<marc:datafield tag="264" ind1=" " ind2="1">
			<marc:subfield code="a">New York :</marc:subfield>
			<marc:subfield code="b">Hippocampus Press,</marc:subfield>
			<marc:subfield code="c">[2014]</marc:subfield>
		</marc:datafield>
		<marc:datafield tag="264" ind1=" " ind2="4">
			<marc:subfield code="c">©2014</marc:subfield>
		</marc:datafield>
		<marc:datafield tag="300" ind1=" " ind2=" ">
			<marc:subfield code="a">250 pages</marc:subfield>
			<marc:subfield code="c">23 cm</marc:subfield>
		</marc:datafield>
		<marc:datafield tag="336" ind1=" " ind2=" ">
			<marc:subfield code="a">text</marc:subfield>
			<marc:subfield code="b">txt</marc:subfield>
			<marc:subfield code="2">rdacontent</marc:subfield>
			<marc:subfield code="0">http://id.loc.gov/vocabulary/contentTypes/txt</marc:subfield>
		</marc:datafield>
		<marc:datafield tag="337" ind1=" " ind2=" ">
			<marc:subfield code="a">unmediated</marc:subfield>
			<marc:subfield code="b">n</marc:subfield>
			<marc:subfield code="2">rdamedia</marc:subfield>
			<marc:subfield code="0">http://id.loc.gov/vocabulary/mediaTypes/n</marc:subfield>
		</marc:datafield>
		<marc:datafield tag="338" ind1=" " ind2=" ">
			<marc:subfield code="a">volume</marc:subfield>
			<marc:subfield code="b">nc</marc:subfield>
			<marc:subfield code="2">rdacarrier</marc:subfield>
			<marc:subfield code="0">http://id.loc.gov/vocabulary/carriers/nc</marc:subfield>
		</marc:datafield>
		<marc:datafield tag="380" ind1=" " ind2=" ">
			<marc:subfield code="a">Short story</marc:subfield>
		</marc:datafield>
		<marc:datafield tag="500" ind1=" " ind2=" ">
			<marc:subfield code="a">Short stories and poems.</marc:subfield>
		</marc:datafield>
		<marc:datafield tag="505" ind1="0" ind2="0">
			<marc:subfield code="g">The mythos and [introduction] --</marc:subfield>
			<marc:subfield code="t">The man who scared Lovecraft --</marc:subfield>
			<marc:subfield code="t">The megalith plague --</marc:subfield>
			<marc:subfield code="t">Lavinia's lament [poem] --</marc:subfield>
			<marc:subfield code="t">The gold of the vulgar --</marc:subfield>
			<marc:subfield code="t">The doom that came to Devil's Reef --</marc:subfield>
			<marc:subfield code="t">Wilbur's song [poem] --</marc:subfield>
			<marc:subfield code="t">Pages from a diary --</marc:subfield>
			<marc:subfield code="t">Sanctuary --</marc:subfield>
			<marc:subfield code="t">Wilbur Whatley's twin [poem] --</marc:subfield>
			<marc:subfield code="t">Platinum hearts --</marc:subfield>
			<marc:subfield code="t">Plush Cthulhu --</marc:subfield>
			<marc:subfield code="t">Emily's rose window --</marc:subfield>
			<marc:subfield code="t">A ship afar [poem] --</marc:subfield>
			<marc:subfield code="t">Looking glass --</marc:subfield>
			<marc:subfield code="t">To Mars and providence --</marc:subfield>
			<marc:subfield code="t">After Alhazred [poem] --</marc:subfield>
			<marc:subfield code="t">Lovecraft's pillow --</marc:subfield>
			<marc:subfield code="t">The codex --</marc:subfield>
			<marc:subfield code="t">Doc Corman's haunted palace one Fourth of July --</marc:subfield>
			<marc:subfield code="t">Slowness --</marc:subfield>
			<marc:subfield code="t">Rats --</marc:subfield>
			<marc:subfield code="t">A game of nine pins --</marc:subfield>
			<marc:subfield code="t">Powers of air and darkness --</marc:subfield>
			<marc:subfield code="t">Casting call.</marc:subfield>
		</marc:datafield>
		<marc:datafield tag="520" ind1=" " ind2=" ">
			<marc:subfield code="a">A selection of Webb's Lovecraftian writings.</marc:subfield>
		</marc:datafield>
		<marc:datafield tag="596" ind1=" " ind2=" ">
			<marc:subfield code="a">72</marc:subfield>
		</marc:datafield>
		<marc:datafield tag="600" ind1="1" ind2="4">
			<marc:subfield code="a">Lovecraft, H. P.</marc:subfield>
			<marc:subfield code="q">(Howard Phillips)</marc:subfield>
			<marc:subfield code="d">1890-1937</marc:subfield>
			<marc:subfield code="x">Influence</marc:subfield>
			<marc:subfield code="1">http://viaf.org/viaf/66470391</marc:subfield>
		</marc:datafield>
		<marc:datafield tag="650" ind1=" " ind2="4">
			<marc:subfield code="a">Collections</marc:subfield>
		</marc:datafield>
		<marc:datafield tag="650" ind1=" " ind2="4">
			<marc:subfield code="a">Cthulhu mythos</marc:subfield>
		</marc:datafield>
		<marc:datafield tag="655" ind1=" " ind2="4">
			<marc:subfield code="a">Fiction</marc:subfield>
		</marc:datafield>
		<marc:datafield tag="655" ind1=" " ind2="4">
			<marc:subfield code="a">Horror</marc:subfield>
		</marc:datafield>
		<marc:datafield tag="655" ind1=" " ind2="4">
			<marc:subfield code="a">Fantasy</marc:subfield>
		</marc:datafield>
		<marc:datafield tag="655" ind1=" " ind2="4">
			<marc:subfield code="a">Science fiction</marc:subfield>
		</marc:datafield>
		<marc:datafield tag="655" ind1=" " ind2="4">
			<marc:subfield code="a">Paranormal</marc:subfield>
		</marc:datafield>
		<marc:datafield tag="655" ind1=" " ind2="4">
			<marc:subfield code="a">Short stories</marc:subfield>
		</marc:datafield>
		<marc:datafield tag="700" ind1="1" ind2=" ">
			<marc:subfield code="a">Fitzpatrick, Fergal</marc:subfield>
			<marc:subfield code="e">cover designer</marc:subfield>
			<marc:subfield code="4">cov</marc:subfield>
			<marc:subfield code="1">http://www.isfdb.org/cgi-bin/ea.cgi?209882</marc:subfield>
		</marc:datafield>
	</marc:record>