
	<marc:record>
		<marc:leader>03179cam a2200505 i 4500</marc:leader>
		<marc:controlfield tag="001">ocn884439940</marc:controlfield>
		<marc:controlfield tag="003">OCoLC</marc:controlfield>
		<marc:controlfield tag="005">20141017102914.0</marc:controlfield>
		<marc:controlfield tag="008">140721s2014    nyu           000 1 eng  </marc:controlfield>
		<marc:datafield tag="010" ind1=" " ind2=" ">
			<marc:subfield code="a">  2014025369</marc:subfield>
		</marc:datafield>
		<marc:datafield tag="015" ind1=" " ind2=" ">
			<marc:subfield code="a">GBB484879</marc:subfield>
			<marc:subfield code="2">bnb</marc:subfield>
		</marc:datafield>
		<marc:datafield tag="016" ind1="7" ind2=" ">
			<marc:subfield code="a">016822637</marc:subfield>
			<marc:subfield code="2">Uk</marc:subfield>
		</marc:datafield>
		<marc:datafield tag="020" ind1=" " ind2=" ">
			<marc:subfield code="a">9781476736990 (paperback)</marc:subfield>
		</marc:datafield>
		<marc:datafield tag="020" ind1=" " ind2=" ">
			<marc:subfield code="a">1476736995 (paperback)</marc:subfield>
		</marc:datafield>
		<marc:datafield tag="035" ind1=" " ind2=" ">
			<marc:subfield code="a">(Sirsi) a3177164</marc:subfield>
		</marc:datafield>
		<marc:datafield tag="035" ind1=" " ind2=" ">
			<marc:subfield code="a">(OCoLC)884439940</marc:subfield>
		</marc:datafield>
		<marc:datafield tag="040" ind1=" " ind2=" ">
			<marc:subfield code="a">DLC</marc:subfield>
			<marc:subfield code="b">eng</marc:subfield>
			<marc:subfield code="e">rda</marc:subfield>
			<marc:subfield code="c">DLC</marc:subfield>
			<marc:subfield code="d">OCLCO</marc:subfield>
			<marc:subfield code="d">UKMGB</marc:subfield>
			<marc:subfield code="d">BKL</marc:subfield>
			<marc:subfield code="d">ORX</marc:subfield>
		</marc:datafield>
		<marc:datafield tag="042" ind1=" " ind2=" ">
			<marc:subfield code="a">pcc</marc:subfield>
		</marc:datafield>
		<marc:datafield tag="050" ind1="0" ind2="0">
			<marc:subfield code="a">PN6120.95.S33</marc:subfield>
			<marc:subfield code="b">B34 2014</marc:subfield>
		</marc:datafield>
		<marc:datafield tag="082" ind1="0" ind2="0">
			<marc:subfield code="a">813/.087608</marc:subfield>
			<marc:subfield code="2">23</marc:subfield>
		</marc:datafield>
		<marc:datafield tag="084" ind1=" " ind2=" ">
			<marc:subfield code="a">FIC028000</marc:subfield>
			<marc:subfield code="a">FIC028040</marc:subfield>
			<marc:subfield code="a">FIC015000</marc:subfield>
			<marc:subfield code="2">bisacsh</marc:subfield>
		</marc:datafield>
		<marc:datafield tag="090" ind1=" " ind2=" ">
			<marc:subfield code="a">SCIENCE FICTION BAE</marc:subfield>
		</marc:datafield>
		<marc:datafield tag="090" ind1=" " ind2=" ">
			<marc:subfield code="a">SCIENCE FICTION BAE</marc:subfield>
			<marc:subfield code="e">ME</marc:subfield>
		</marc:datafield>
		<marc:datafield tag="100" ind1="1" ind2=" ">
			<marc:subfield code="a">Davis, Hank,</marc:subfield>
			<marc:subfield code="e">editor</marc:subfield>
			<marc:subfield code="4">edt</marc:subfield>
			<marc:subfield code="1">http://viaf.org/viaf/242341696</marc:subfield>
		</marc:datafield>
		<marc:datafield tag="240" ind1=" " ind2=" ">
			<marc:subfield code="a">The Baen Big Book of Monsters</marc:subfield>
			<marc:subfield code="1">http://www.isfdb.org/cgi-bin/pl.cgi?470944</marc:subfield>
		</marc:datafield>
		<marc:datafield tag="245" ind1="0" ind2="4">
			<marc:subfield code="a">The Baen big book of monsters /</marc:subfield>
			<marc:subfield code="c">edited by Hank Davis.</marc:subfield>
		</marc:datafield>
		<marc:datafield tag="263" ind1=" " ind2=" ">
			<marc:subfield code="a">1410</marc:subfield>
		</marc:datafield>
		<marc:datafield tag="264" ind1=" " ind2="1">
			<marc:subfield code="a">Riverdale, New York :</marc:subfield>
			<marc:subfield code="b">Baen Books,</marc:subfield>
			<marc:subfield code="c">2014.</marc:subfield>
		</marc:datafield>
		<marc:datafield tag="300" ind1=" " ind2=" ">
			<marc:subfield code="a">479 pages</marc:subfield>
			<marc:subfield code="c">20 cm</marc:subfield>
		</marc:datafield>
		<marc:datafield tag="336" ind1=" " ind2=" ">
			<marc:subfield code="a">text</marc:subfield>
			<marc:subfield code="2">rdacontent</marc:subfield>
			<marc:subfield code="0">http://id.loc.gov/vocabulary/contentTypes/txt</marc:subfield>
		</marc:datafield>
		<marc:datafield tag="337" ind1=" " ind2=" ">
			<marc:subfield code="a">unmediated</marc:subfield>
			<marc:subfield code="2">rdamedia</marc:subfield>
			<marc:subfield code="0">http://id.loc.gov/vocabulary/mediaTypes/n</marc:subfield>
		</marc:datafield>
		<marc:datafield tag="338" ind1=" " ind2=" ">
			<marc:subfield code="a">volume</marc:subfield>
			<marc:subfield code="2">rdacarrier</marc:subfield>
			<marc:subfield code="0">http://id.loc.gov/vocabulary/carriers/nc</marc:subfield>
		</marc:datafield>
		<marc:datafield tag="380" ind1=" " ind2=" ">
			<marc:subfield code="a">Fiction</marc:subfield>
		</marc:datafield>
		<marc:datafield tag="505" ind1="0" ind2="0">
			<marc:subfield code="t">The shining ones /</marc:subfield>
			<marc:subfield code="r">by Arthur C. Clarke --</marc:subfield>
			<marc:subfield code="t">All about strange monsters of the recent past /</marc:subfield>
			<marc:subfield code="r">by Howard Waldrop --</marc:subfield>
			<marc:subfield code="t">The monster-god of Mamurth /</marc:subfield>
			<marc:subfield code="r">by Edmond Hamilton --</marc:subfield>
			<marc:subfield code="t">Talent /</marc:subfield>
			<marc:subfield code="r">by Robert Bloch --</marc:subfield>
			<marc:subfield code="t">The end of the hunt /</marc:subfield>
			<marc:subfield code="r">by David Drake --</marc:subfield>
			<marc:subfield code="t">Ooze /</marc:subfield>
			<marc:subfield code="r">by Anthony N. Rud --</marc:subfield>
			<marc:subfield code="t">The valley of the worm /</marc:subfield>
			<marc:subfield code="r">by Robert E. [Ervin] Howard --</marc:subfield>
			<marc:subfield code="t">Whoever fights monsters /</marc:subfield>
			<marc:subfield code="r">by Wen Spencer --</marc:subfield>
			<marc:subfield code="t">Deviation from a theme /</marc:subfield>
			<marc:subfield code="r">by Steven Utley --</marc:subfield>
			<marc:subfield code="t">The eggs from Lake Tanganyika /</marc:subfield>
			<marc:subfield code="r">by Curt Siodmank --</marc:subfield>
			<marc:subfield code="t">The Dunwich horror /</marc:subfield>
			<marc:subfield code="r">by H.P. Lovecraft --</marc:subfield>
			<marc:subfield code="t">From out the fire /</marc:subfield>
			<marc:subfield code="r">by Sarah A. Hoyt --</marc:subfield>
			<marc:subfield code="t">Beauty and the beast /</marc:subfield>
			<marc:subfield code="r">by Henry Kuttner --</marc:subfield>
			<marc:subfield code="t">The island of the Ud /</marc:subfield>
			<marc:subfield code="r">by William Hope Hodgson --</marc:subfield>
			<marc:subfield code="t">A single Samurai /</marc:subfield>
			<marc:subfield code="r">by Steven Diamond --</marc:subfield>
			<marc:subfield code="t">Planet of dread /</marc:subfield>
			<marc:subfield code="r">by Murray Leinster --</marc:subfield>
			<marc:subfield code="t">An epistle to the Thessalonians /</marc:subfield>
			<marc:subfield code="r">by Philip Wylie --</marc:subfield>
			<marc:subfield code="t">The monster of Lake Lametrie /</marc:subfield>
			<marc:subfield code="r">by Wardon Allan Curtis --</marc:subfield>
			<marc:subfield code="t">The giant cat of Sumatra /</marc:subfield>
			<marc:subfield code="r">by Hank Davis --</marc:subfield>
			<marc:subfield code="t">Greenface /</marc:subfield>
			<marc:subfield code="r">by James H. Schmitz --</marc:subfield>
			<marc:subfield code="t">Tokyo raider /</marc:subfield>
			<marc:subfield code="r">by Larry Correia.</marc:subfield>
		</marc:datafield>
		<marc:datafield tag="520" ind1=" " ind2=" ">
			<marc:subfield code="a">"From the dragons of legend to Jack the Giant Killer's colleague to King Kong and Godzilla, people have found the idea of giant creatures both scary and fascinating. Here's a book crammed full of large things that you can't outrun by such writers as David Drake, Robert Bloch, Philip Wylie, Murray Leinster, H.P. Lovecraft, Larry Correia, Wen Spencer and more"--</marc:subfield>
			<marc:subfield code="c">Provided by publisher.</marc:subfield>
		</marc:datafield>
		<marc:datafield tag="650" ind1=" " ind2="4">
			<marc:subfield code="a">Monsters</marc:subfield>
		</marc:datafield>
		<marc:datafield tag="650" ind1=" " ind2="4">
			<marc:subfield code="a">Anthologies</marc:subfield>
		</marc:datafield>
		<marc:datafield tag="655" ind1=" " ind2="4">
			<marc:subfield code="a">Fiction</marc:subfield>
		</marc:datafield>
		<marc:datafield tag="655" ind1=" " ind2="4">
			<marc:subfield code="a">Horror</marc:subfield>
		</marc:datafield>
		<marc:datafield tag="655" ind1=" " ind2="4">
			<marc:subfield code="a">Fantasy</marc:subfield>
		</marc:datafield>
		<marc:datafield tag="655" ind1=" " ind2="4">
			<marc:subfield code="a">Short stories</marc:subfield>
		</marc:datafield>
		<marc:datafield tag="655" ind1=" " ind2="4">
			<marc:subfield code="a">Science fiction</marc:subfield>
		</marc:datafield>
		<marc:datafield tag="700" ind1="1" ind2=" ">
			<marc:subfield code="a">Lovecraft, H. P.</marc:subfield>
			<marc:subfield code="q">(Howard Phillips)</marc:subfield>
			<marc:subfield code="d">1890-1937</marc:subfield>
			<marc:subfield code="e">contributor</marc:subfield>
			<marc:subfield code="4">ctb</marc:subfield>
			<marc:subfield code="1">http://viaf.org/viaf/66470391</marc:subfield>
		</marc:datafield>
		<marc:datafield tag="700" ind1="1" ind2="2">
			<marc:subfield code="a">Lovecraft, H. P.</marc:subfield>
			<marc:subfield code="q">(Howard Phillips)</marc:subfield>
			<marc:subfield code="d">1890-1937</marc:subfield>
			<marc:subfield code="t">The Dunwich Horror</marc:subfield>
			<marc:subfield code="1">http://viaf.org/viaf/4465153954873405680002</marc:subfield>
		</marc:datafield>
		<marc:datafield tag="700" ind1="1" ind2=" ">
			<marc:subfield code="a">Eggleton, Bob</marc:subfield>
			<marc:subfield code="e">cover designer</marc:subfield>
			<marc:subfield code="4">cov</marc:subfield>
			<marc:subfield code="1">http://viaf.org/viaf/91657997</marc:subfield>
		</marc:datafield>
	</marc:record>