
	<marc:record>
		<marc:leader>02955cam a22004578i 4500</marc:leader>
		<marc:controlfield tag="001">18236158</marc:controlfield>
		<marc:controlfield tag="005">20140722101606.0</marc:controlfield>
		<marc:controlfield tag="008">140722s2014    nyua     b    000 1 eng  </marc:controlfield>
		<marc:datafield tag="010" ind1=" " ind2=" ">
			<marc:subfield code="a">  2014026212</marc:subfield>
		</marc:datafield>
		<marc:datafield tag="020" ind1=" " ind2=" ">
			<marc:subfield code="a">9780871404534</marc:subfield>
		</marc:datafield>
		<marc:datafield tag="035" ind1=" " ind2=" ">
			<marc:subfield code="a">(Sirsi) a3163775</marc:subfield>
		</marc:datafield>
		<marc:datafield tag="040" ind1=" " ind2=" ">
			<marc:subfield code="a">DLC</marc:subfield>
			<marc:subfield code="b">eng</marc:subfield>
			<marc:subfield code="e">rda</marc:subfield>
			<marc:subfield code="c">DLC</marc:subfield>
		</marc:datafield>
		<marc:datafield tag="042" ind1=" " ind2=" ">
			<marc:subfield code="a">pcc</marc:subfield>
		</marc:datafield>
		<marc:datafield tag="050" ind1="0" ind2="0">
			<marc:subfield code="a">PS3523.O833</marc:subfield>
			<marc:subfield code="b">A6 2014</marc:subfield>
		</marc:datafield>
		<marc:datafield tag="082" ind1="0" ind2="0">
			<marc:subfield code="a">813/.52</marc:subfield>
			<marc:subfield code="2">23</marc:subfield>
		</marc:datafield>
		<marc:datafield tag="090" ind1=" " ind2=" ">
			<marc:subfield code="a">FICTION LOV</marc:subfield>
		</marc:datafield>
		<marc:datafield tag="090" ind1=" " ind2=" ">
			<marc:subfield code="a">FICTION LOV</marc:subfield>
			<marc:subfield code="e">ME</marc:subfield>
		</marc:datafield>
		<marc:datafield tag="090" ind1=" " ind2=" ">
			<marc:subfield code="a">813.52 L595.113</marc:subfield>
		</marc:datafield>
		<marc:datafield tag="100" ind1="1" ind2=" ">
			<marc:subfield code="a">Lovecraft, H. P.</marc:subfield>
			<marc:subfield code="q">(Howard Phillips)</marc:subfield>
			<marc:subfield code="d">1890-1937</marc:subfield>
			<marc:subfield code="e">author</marc:subfield>
			<marc:subfield code="4">aut</marc:subfield>
			<marc:subfield code="1">http://viaf.org/viaf/66470391</marc:subfield>
		</marc:datafield>
		<marc:datafield tag="245" ind1="1" ind2="4">
			<marc:subfield code="a">The new annotated H. P. Lovecraft /</marc:subfield>
			<marc:subfield code="c">Howard Phillips Lovecraft ; edited with a foreword and notes by Leslie S. Klinger ; introduction by Alan Moore.</marc:subfield>
		</marc:datafield>
		<marc:datafield tag="250" ind1=" " ind2=" ">
			<marc:subfield code="a">First edition.</marc:subfield>
		</marc:datafield>
		<marc:datafield tag="263" ind1=" " ind2=" ">
			<marc:subfield code="a">1410</marc:subfield>
		</marc:datafield>
		<marc:datafield tag="264" ind1=" " ind2="1">
			<marc:subfield code="a">New York :</marc:subfield>
			<marc:subfield code="b">Liveright Publishing Corporation,</marc:subfield>
			<marc:subfield code="c">[2014]</marc:subfield>
		</marc:datafield>
		<marc:datafield tag="300" ind1=" " ind2=" ">
			<marc:subfield code="a">852 pages</marc:subfield>
			<marc:subfield code="b">illustrations</marc:subfield>
			<marc:subfield code="c">26 cm</marc:subfield>
		</marc:datafield>
		<marc:datafield tag="336" ind1=" " ind2=" ">
			<marc:subfield code="a">text</marc:subfield>
			<marc:subfield code="2">rdacontent</marc:subfield>
			<marc:subfield code="0">http://id.loc.gov/vocabulary/contentTypes/txt</marc:subfield>
		</marc:datafield>
		<marc:datafield tag="337" ind1=" " ind2=" ">
			<marc:subfield code="a">unmediated</marc:subfield>
			<marc:subfield code="2">rdamedia</marc:subfield>
			<marc:subfield code="0">http://id.loc.gov/vocabulary/mediaTypes/n</marc:subfield>
		</marc:datafield>
		<marc:datafield tag="338" ind1=" " ind2=" ">
			<marc:subfield code="a">volume</marc:subfield>
			<marc:subfield code="2">rdacarrier</marc:subfield>
			<marc:subfield code="0">http://id.loc.gov/vocabulary/carriers/nc</marc:subfield>
		</marc:datafield>
		<marc:datafield tag="380" ind1=" " ind2=" ">
			<marc:subfield code="a">Fiction</marc:subfield>
		</marc:datafield>
		<marc:datafield tag="504" ind1=" " ind2=" ">
			<marc:subfield code="a">Includes bibliographical references.</marc:subfield>
		</marc:datafield>
		<marc:datafield tag="505" ind1="0" ind2="0">
			<marc:subfield code="g">Introduction /</marc:subfield>
			<marc:subfield code="r">Alan Moore --</marc:subfield>
			<marc:subfield code="g">Foreword --</marc:subfield>
			<marc:subfield code="g">Editor's note --</marc:subfield>
			<marc:subfield code="g">The stories --</marc:subfield>
			<marc:subfield code="t">Dagon --</marc:subfield>
			<marc:subfield code="t">The statement of Randolph Carter --</marc:subfield>
			<marc:subfield code="t">Beyond the wall of sleep --</marc:subfield>
			<marc:subfield code="t">Nyarlathotep --</marc:subfield>
			<marc:subfield code="t">The picture in the house --</marc:subfield>
			<marc:subfield code="t">Herbert West: Reanimator --</marc:subfield>
			<marc:subfield code="t">The nameless city --</marc:subfield>
			<marc:subfield code="t">The hound --</marc:subfield>
			<marc:subfield code="t">The festival --</marc:subfield>
			<marc:subfield code="t">The unnamable --</marc:subfield>
			<marc:subfield code="t">The call of Cthulhu --</marc:subfield>
			<marc:subfield code="t">The silver key --</marc:subfield>
			<marc:subfield code="t">The case of Charles Dexter Ward --</marc:subfield>
			<marc:subfield code="t">The colour out of space --</marc:subfield>
			<marc:subfield code="t">The Dunwich horror --</marc:subfield>
			<marc:subfield code="t">The whisperer in darkness --</marc:subfield>
			<marc:subfield code="t">At the Mountains of Madness --</marc:subfield>
			<marc:subfield code="t">The shadow over Innsmouth --</marc:subfield>
			<marc:subfield code="t">The dreams in the witch house --</marc:subfield>
			<marc:subfield code="t">The thing on the doorstep --</marc:subfield>
			<marc:subfield code="t">The shadow out of time --</marc:subfield>
			<marc:subfield code="t">The haunter of the dark --</marc:subfield>
			<marc:subfield code="g">Additional material --</marc:subfield>
			<marc:subfield code="g">Appendix I: Chronological table --</marc:subfield>
			<marc:subfield code="g">Appendix 2: Faculty of Miskatonic University --</marc:subfield>
			<marc:subfield code="g">Appendix 3: History of the Necronomican --</marc:subfield>
			<marc:subfield code="g">Appendix 4: Genealogy of the Elder Races --</marc:subfield>
			<marc:subfield code="g">Appendix 5: The works of H. P. Lovecraft --</marc:subfield>
			<marc:subfield code="g">Appendix 6: The "revisions" of H. P. Lovecraft --</marc:subfield>
			<marc:subfield code="g">Appendix 7: H. P. Lovecraft in popular culture --</marc:subfield>
			<marc:subfield code="g">Bibliography.</marc:subfield>
		</marc:datafield>
		<marc:datafield tag="650" ind1=" " ind2="4">
			<marc:subfield code="a">Cthulhu mythos</marc:subfield>
		</marc:datafield>
		<marc:datafield tag="650" ind1=" " ind2="4">
			<marc:subfield code="a">Collections</marc:subfield>
		</marc:datafield>
		<marc:datafield tag="650" ind1=" " ind2="4">
			<marc:subfield code="a">Horror tales, American</marc:subfield>
		</marc:datafield>
		<marc:datafield tag="655" ind1=" " ind2="4">
			<marc:subfield code="a">Fiction</marc:subfield>
		</marc:datafield>
		<marc:datafield tag="655" ind1=" " ind2="4">
			<marc:subfield code="a">Horror</marc:subfield>
		</marc:datafield>
		<marc:datafield tag="655" ind1=" " ind2="4">
			<marc:subfield code="a">Fantasy</marc:subfield>
		</marc:datafield>
		<marc:datafield tag="655" ind1=" " ind2="4">
			<marc:subfield code="a">Short stories</marc:subfield>
		</marc:datafield>
		<marc:datafield tag="700" ind1="1" ind2="2">
			<marc:subfield code="a">Lovecraft, H. P.</marc:subfield>
			<marc:subfield code="q">(Howard Phillips)</marc:subfield>
			<marc:subfield code="d">1890-1937</marc:subfield>
			<marc:subfield code="t">The Case of Charles Dexter Ward</marc:subfield>
			<marc:subfield code="1">http://viaf.org/viaf/312342035</marc:subfield>
		</marc:datafield>
		<marc:datafield tag="700" ind1="1" ind2="2">
			<marc:subfield code="a">Lovecraft, H. P.</marc:subfield>
			<marc:subfield code="q">(Howard Phillips)</marc:subfield>
			<marc:subfield code="d">1890-1937</marc:subfield>
			<marc:subfield code="t">The Outsider</marc:subfield>
			<marc:subfield code="1">http://www.isfdb.org/cgi-bin/title.cgi?41883</marc:subfield>
		</marc:datafield>
		<marc:datafield tag="700" ind1="1" ind2="2">
			<marc:subfield code="a">Lovecraft, H. P.</marc:subfield>
			<marc:subfield code="q">(Howard Phillips)</marc:subfield>
			<marc:subfield code="d">1890-1937</marc:subfield>
			<marc:subfield code="t">The Tomb</marc:subfield>
			<marc:subfield code="1">http://viaf.org/viaf/314540347</marc:subfield>
		</marc:datafield>
		<marc:datafield tag="700" ind1="1" ind2=" ">
			<marc:subfield code="a">Klinger, Leslie S.</marc:subfield>
			<marc:subfield code="e">editor</marc:subfield>
			<marc:subfield code="e">writer of added commentary</marc:subfield>
			<marc:subfield code="e">writer of foreword</marc:subfield>
			<marc:subfield code="4">edt</marc:subfield>
			<marc:subfield code="4">wac</marc:subfield>
			<marc:subfield code="4">aui</marc:subfield>
			<marc:subfield code="1">http://viaf.org/viaf/71652881</marc:subfield>
		</marc:datafield>
		<marc:datafield tag="700" ind1="1" ind2=" ">
			<marc:subfield code="a">Moore, Alan,</marc:subfield>
			<marc:subfield code="e">writer of introduction</marc:subfield>
			<marc:subfield code="4">aui</marc:subfield>
			<marc:subfield code="1">http://viaf.org/viaf/34481281</marc:subfield>
		</marc:datafield>
	</marc:record>