
	<marc:record>
		<marc:leader>02015cam a2200337 i 4500</marc:leader>
		<marc:controlfield tag="008">140314s2013    oru           000 j eng d</marc:controlfield>
		<marc:datafield tag="020" ind1=" " ind2=" ">
			<marc:subfield code="a">9781612871592</marc:subfield>
		</marc:datafield>
		<marc:datafield tag="035" ind1=" " ind2=" ">
			<marc:subfield code="a">(Sirsi) a3107297</marc:subfield>
		</marc:datafield>
		<marc:datafield tag="090" ind1=" " ind2=" ">
			<marc:subfield code="a">FICTION HOR</marc:subfield>
			<marc:subfield code="e">ME</marc:subfield>
		</marc:datafield>
		<marc:datafield tag="100" ind1="1" ind2=" ">
			<marc:subfield code="a">Luce, Gregory</marc:subfield>
			<marc:subfield code="e">editor</marc:subfield>
			<marc:subfield code="4">edt</marc:subfield>
			<marc:subfield code="1">http://www.isfdb.org/cgi-bin/ea.cgi?120223</marc:subfield>
		</marc:datafield>
		<marc:datafield tag="240" ind1=" " ind2=" ">
			<marc:subfield code="a">Horror Gems, Volume Six</marc:subfield>
			<marc:subfield code="1">http://www.isfdb.org/cgi-bin/pl.cgi?430679</marc:subfield>
		</marc:datafield>
		<marc:datafield tag="245" ind1="0" ind2="0">
			<marc:subfield code="a">Horror gems.</marc:subfield>
			<marc:subfield code="n">Volume 6 /</marc:subfield>
			<marc:subfield code="c">H. P. Lovecraft and others ; edited by Gregory Luce.</marc:subfield>
		</marc:datafield>
		<marc:datafield tag="246" ind1="3" ind2="4">
			<marc:subfield code="a">Horror gems.</marc:subfield>
			<marc:subfield code="n">Volume six</marc:subfield>
		</marc:datafield>
		<marc:datafield tag="264" ind1=" " ind2="1">
			<marc:subfield code="a">Medford, Oregon :</marc:subfield>
			<marc:subfield code="b">Armchair Fiction,</marc:subfield>
			<marc:subfield code="c">2013.</marc:subfield>
		</marc:datafield>
		<marc:datafield tag="300" ind1=" " ind2=" ">
			<marc:subfield code="a">198 pages</marc:subfield>
			<marc:subfield code="c">21 cm</marc:subfield>
		</marc:datafield>
		<marc:datafield tag="336" ind1=" " ind2=" ">
			<marc:subfield code="a">text</marc:subfield>
			<marc:subfield code="2">rdacontent</marc:subfield>
			<marc:subfield code="0">http://id.loc.gov/vocabulary/contentTypes/txt</marc:subfield>
		</marc:datafield>
		<marc:datafield tag="337" ind1=" " ind2=" ">
			<marc:subfield code="a">unmediated</marc:subfield>
			<marc:subfield code="b">n</marc:subfield>
			<marc:subfield code="2">rdamedia</marc:subfield>
			<marc:subfield code="0">http://id.loc.gov/vocabulary/mediaTypes/n</marc:subfield>
		</marc:datafield>
		<marc:datafield tag="338" ind1=" " ind2=" ">
			<marc:subfield code="a">volume</marc:subfield>
			<marc:subfield code="2">rdacarrier</marc:subfield>
			<marc:subfield code="0">http://id.loc.gov/vocabulary/carriers/nc</marc:subfield>
		</marc:datafield>
		<marc:datafield tag="380" ind1=" " ind2=" ">
			<marc:subfield code="a">Short story</marc:subfield>
		</marc:datafield>
		<marc:datafield tag="500" ind1=" " ind2=" ">
			<marc:subfield code="a">Filed in anthologies under title, not editor.</marc:subfield>
		</marc:datafield>
		<marc:datafield tag="500" ind1=" " ind2=" ">
			<marc:subfield code="a">The original text of these stories first appeared in "Weird tales", "Fantastic", "Beyond fantasy fiction", and "Fantastic adventures".</marc:subfield>
		</marc:datafield>
		<marc:datafield tag="505" ind1="0" ind2="0">
			<marc:subfield code="t">The violin string /</marc:subfield>
			<marc:subfield code="r">Henry Hasse --</marc:subfield>
			<marc:subfield code="t">Yes, Burt, there is a Santa Claus /</marc:subfield>
			<marc:subfield code="r">Gregory Luce --</marc:subfield>
			<marc:subfield code="t">All of you /</marc:subfield>
			<marc:subfield code="r">James McConnell --</marc:subfield>
			<marc:subfield code="t">Sa'antha /</marc:subfield>
			<marc:subfield code="r">E. Everett Evans --</marc:subfield>
			<marc:subfield code="t">Twice to die /</marc:subfield>
			<marc:subfield code="r">Rog Phillips --</marc:subfield>
			<marc:subfield code="t">The mirror /</marc:subfield>
			<marc:subfield code="r">William Lawrence Hamling --</marc:subfield>
			<marc:subfield code="t">Share alike /</marc:subfield>
			<marc:subfield code="r">Jerome Bixby and /</marc:subfield>
			<marc:subfield code="r">Joe E. Dean --</marc:subfield>
			<marc:subfield code="t">The statement of Randolph Carter /</marc:subfield>
			<marc:subfield code="r">H. P. Lovecraft --</marc:subfield>
			<marc:subfield code="t">Purdy's circus /</marc:subfield>
			<marc:subfield code="r">Franklin Gregory --</marc:subfield>
			<marc:subfield code="t">Fix me something to eat /</marc:subfield>
			<marc:subfield code="r">William P. McGivern --</marc:subfield>
			<marc:subfield code="t">According to plan /</marc:subfield>
			<marc:subfield code="r">Jack Sharkey --</marc:subfield>
			<marc:subfield code="t">Open with care /</marc:subfield>
			<marc:subfield code="r">Boyd Correll.</marc:subfield>
		</marc:datafield>
		<marc:datafield tag="650" ind1=" " ind2="4">
			<marc:subfield code="a">Anthologies</marc:subfield>
		</marc:datafield>
		<marc:datafield tag="655" ind1=" " ind2="4">
			<marc:subfield code="a">Short stories</marc:subfield>
		</marc:datafield>
		<marc:datafield tag="655" ind1=" " ind2="4">
			<marc:subfield code="a">Fiction</marc:subfield>
		</marc:datafield>
		<marc:datafield tag="655" ind1=" " ind2="4">
			<marc:subfield code="a">Horror</marc:subfield>
		</marc:datafield>
		<marc:datafield tag="655" ind1=" " ind2="4">
			<marc:subfield code="a">Fantasy</marc:subfield>
		</marc:datafield>
		<marc:datafield tag="655" ind1=" " ind2="4">
			<marc:subfield code="a">Science fiction</marc:subfield>
		</marc:datafield>
		<marc:datafield tag="655" ind1=" " ind2="4">
			<marc:subfield code="a">Paranormal</marc:subfield>
		</marc:datafield>
		<marc:datafield tag="700" ind1="1" ind2=" ">
			<marc:subfield code="a">Lovecraft, H. P.</marc:subfield>
			<marc:subfield code="q">(Howard Phillips)</marc:subfield>
			<marc:subfield code="d">1890-1937</marc:subfield>
			<marc:subfield code="e">contributor</marc:subfield>
			<marc:subfield code="4">ctb</marc:subfield>
			<marc:subfield code="1">http://viaf.org/viaf/66470391</marc:subfield>
		</marc:datafield>
		<marc:datafield tag="700" ind1="1" ind2="2">
			<marc:subfield code="a">Lovecraft, H. P.</marc:subfield>
			<marc:subfield code="q">(Howard Phillips)</marc:subfield>
			<marc:subfield code="d">1890-1937</marc:subfield>
			<marc:subfield code="t">The Statement of Randolph Carter</marc:subfield>
			<marc:subfield code="1">http://www.isfdb.org/cgi-bin/title.cgi?41870</marc:subfield>
		</marc:datafield>
	</marc:record>