
	<marc:record>
		<marc:leader>02791cam a2200433 i 4500</marc:leader>
		<marc:controlfield tag="001">ocn816030133</marc:controlfield>
		<marc:controlfield tag="003">OCoLC</marc:controlfield>
		<marc:controlfield tag="005">20130830090629.0</marc:controlfield>
		<marc:controlfield tag="008">130315s2013    nyu           000 1 eng  </marc:controlfield>
		<marc:datafield tag="010" ind1=" " ind2=" ">
			<marc:subfield code="a">  2013004789</marc:subfield>
		</marc:datafield>
		<marc:datafield tag="020" ind1=" " ind2=" ">
			<marc:subfield code="a">9781620876510 (pbk.)</marc:subfield>
		</marc:datafield>
		<marc:datafield tag="020" ind1=" " ind2=" ">
			<marc:subfield code="a">1620876515 (pbk.)</marc:subfield>
		</marc:datafield>
		<marc:datafield tag="035" ind1=" " ind2=" ">
			<marc:subfield code="a">(Sirsi) a3016118</marc:subfield>
		</marc:datafield>
		<marc:datafield tag="035" ind1=" " ind2=" ">
			<marc:subfield code="a">(OCoLC)816030133</marc:subfield>
		</marc:datafield>
		<marc:datafield tag="040" ind1=" " ind2=" ">
			<marc:subfield code="a">DLC</marc:subfield>
			<marc:subfield code="e">rda</marc:subfield>
			<marc:subfield code="b">eng</marc:subfield>
			<marc:subfield code="c">DLC</marc:subfield>
			<marc:subfield code="d">IG#</marc:subfield>
			<marc:subfield code="d">BTCTA</marc:subfield>
			<marc:subfield code="d">BDX</marc:subfield>
			<marc:subfield code="d">OCLCO</marc:subfield>
			<marc:subfield code="d">YDXCP</marc:subfield>
			<marc:subfield code="d">BWX</marc:subfield>
			<marc:subfield code="d">ORX</marc:subfield>
		</marc:datafield>
		<marc:datafield tag="050" ind1="0" ind2="0">
			<marc:subfield code="a">PS648.Z64</marc:subfield>
			<marc:subfield code="b">Z64 2013</marc:subfield>
		</marc:datafield>
		<marc:datafield tag="082" ind1="0" ind2="0">
			<marc:subfield code="a">813/.0873808</marc:subfield>
			<marc:subfield code="2">23</marc:subfield>
		</marc:datafield>
		<marc:datafield tag="090" ind1=" " ind2=" ">
			<marc:subfield code="a">SHORT STORIES ZOM</marc:subfield>
		</marc:datafield>
		<marc:datafield tag="100" ind1="1" ind2=" ">
			<marc:subfield code="a">Jones, Stephen</marc:subfield>
			<marc:subfield code="d">1953-</marc:subfield>
			<marc:subfield code="e">editor</marc:subfield>
			<marc:subfield code="4">edt</marc:subfield>
			<marc:subfield code="1">http://viaf.org/viaf/114046456</marc:subfield>
		</marc:datafield>
		<marc:datafield tag="240" ind1=" " ind2=" ">
			<marc:subfield code="a">Zombies! Tales of the Walking Dead</marc:subfield>
			<marc:subfield code="1">http://www.isfdb.org/cgi-bin/pl.cgi?415890</marc:subfield>
		</marc:datafield>
		<marc:datafield tag="245" ind1="0" ind2="0">
			<marc:subfield code="a">Zombies!</marc:subfield>
			<marc:subfield code="b">tales of the walking dead</marc:subfield>
			<marc:subfield code="c">edited by Stephen Jones</marc:subfield>
		</marc:datafield>
		<marc:datafield tag="264" ind1=" " ind2="1">
			<marc:subfield code="a">New York, NY :</marc:subfield>
			<marc:subfield code="b">Skyhorse Publishing,</marc:subfield>
			<marc:subfield code="c">[2013]</marc:subfield>
		</marc:datafield>
		<marc:datafield tag="300" ind1=" " ind2=" ">
			<marc:subfield code="a">xv, 604 pages</marc:subfield>
			<marc:subfield code="c">20 cm</marc:subfield>
		</marc:datafield>
		<marc:datafield tag="336" ind1=" " ind2=" ">
			<marc:subfield code="a">text</marc:subfield>
			<marc:subfield code="2">rdacontent</marc:subfield>
			<marc:subfield code="0">http://id.loc.gov/vocabulary/contentTypes/txt</marc:subfield>
		</marc:datafield>
		<marc:datafield tag="337" ind1=" " ind2=" ">
			<marc:subfield code="a">unmediated</marc:subfield>
			<marc:subfield code="2">rdamedia</marc:subfield>
			<marc:subfield code="0">http://id.loc.gov/vocabulary/mediaTypes/n</marc:subfield>
		</marc:datafield>
		<marc:datafield tag="338" ind1=" " ind2=" ">
			<marc:subfield code="a">volume</marc:subfield>
			<marc:subfield code="2">rdacarrier</marc:subfield>
			<marc:subfield code="0">http://id.loc.gov/vocabulary/carriers/nc</marc:subfield>
		</marc:datafield>
		<marc:datafield tag="380" ind1=" " ind2=" ">
			<marc:subfield code="a">Fiction</marc:subfield>
		</marc:datafield>
		<marc:datafield tag="500" ind1=" " ind2=" ">
			<marc:subfield code="a">"A Herman Graf book."</marc:subfield>
		</marc:datafield>
		<marc:datafield tag="505" ind1="0" ind2=" ">
			<marc:subfield code="t">Sex, death and starshine /</marc:subfield>
			<marc:subfield code="r">Clive Barker --</marc:subfield>
			<marc:subfield code="t">Rising generation /</marc:subfield>
			<marc:subfield code="r">Ramsey Campbell --</marc:subfield>
			<marc:subfield code="t">The song of the slaves /</marc:subfield>
			<marc:subfield code="r">Manly Wade Wellman --</marc:subfield>
			<marc:subfield code="t">The ghouls /</marc:subfield>
			<marc:subfield code="r">R. Chetwynd-Hayes --</marc:subfield>
			<marc:subfield code="t">The facts in the case of M. Valdemar /</marc:subfield>
			<marc:subfield code="r">Edgar Allan Poe --</marc:subfield>
			<marc:subfield code="t">Sticks /</marc:subfield>
			<marc:subfield code="r">Karl Edward Wagner --</marc:subfield>
			<marc:subfield code="t">Quietly now /</marc:subfield>
			<marc:subfield code="r">Charles L. Grant --</marc:subfield>
			<marc:subfield code="t">The grey house /</marc:subfield>
			<marc:subfield code="r">Basil Copper --</marc:subfield>
			<marc:subfield code="t">A warning to the curious /</marc:subfield>
			<marc:subfield code="r">M. R. James --</marc:subfield>
			<marc:subfield code="t">The crucian pit /</marc:subfield>
			<marc:subfield code="r">Nicholas Royle --</marc:subfield>
			<marc:subfield code="t">The disapproval of Jeremy Cleave /</marc:subfield>
			<marc:subfield code="r">Brian Lumley --</marc:subfield>
			<marc:subfield code="t">Herbert West, reanimator /</marc:subfield>
			<marc:subfield code="r">H. P. Lovecraft --</marc:subfield>
			<marc:subfield code="t">Treading the maze /</marc:subfield>
			<marc:subfield code="r">Lisa Tuttle --</marc:subfield>
			<marc:subfield code="t">Out of corruption /</marc:subfield>
			<marc:subfield code="r">David A. Riley --</marc:subfield>
			<marc:subfield code="t">The taking of Mr Bill /</marc:subfield>
			<marc:subfield code="r">Graham Masterton --</marc:subfield>
			<marc:subfield code="t">Schalken the painter /</marc:subfield>
			<marc:subfield code="r">J. Sheridan Le Fanu --</marc:subfield>
			<marc:subfield code="t">Clinically dead /</marc:subfield>
			<marc:subfield code="r">David A. Sutton --</marc:subfield>
			<marc:subfield code="t">There coming for you /</marc:subfield>
			<marc:subfield code="r">Les Daniels --</marc:subfield>
			<marc:subfield code="t">Mission to Margal /</marc:subfield>
			<marc:subfield code="r">Hugh B. Cave --</marc:subfield>
			<marc:subfield code="t">Later /</marc:subfield>
			<marc:subfield code="r">Michael Marshall Smith --</marc:subfield>
			<marc:subfield code="t">Marbh Bheo /</marc:subfield>
			<marc:subfield code="r">Peter Tremayne --</marc:subfield>
			<marc:subfield code="t">The blook kiss /</marc:subfield>
			<marc:subfield code="r">Dennis Etchison --</marc:subfield>
			<marc:subfield code="t">The night after Night of the living dead /</marc:subfield>
			<marc:subfield code="r">Christopher Fowler --</marc:subfield>
			<marc:subfield code="t">The dead don't die! /</marc:subfield>
			<marc:subfield code="r">Robert Bloch --</marc:subfield>
			<marc:subfield code="t">Patricia's profession /</marc:subfield>
			<marc:subfield code="r">Kim Newman --</marc:subfield>
			<marc:subfield code="t">On the far side of the Cadillac Desert with dead folks /</marc:subfield>
			<marc:subfield code="r">Joe R. Lansdale --</marc:subfield>
			<marc:subfield code="t">Homo coprophagus somnambulus /</marc:subfield>
			<marc:subfield code="r">Jo Fletcher</marc:subfield>
		</marc:datafield>
		<marc:datafield tag="650" ind1=" " ind2="4">
			<marc:subfield code="a">Zombies</marc:subfield>
		</marc:datafield>
		<marc:datafield tag="650" ind1=" " ind2="4">
			<marc:subfield code="a">Anthologies</marc:subfield>
		</marc:datafield>
		<marc:datafield tag="655" ind1=" " ind2="4">
			<marc:subfield code="a">Short stories</marc:subfield>
		</marc:datafield>
		<marc:datafield tag="655" ind1=" " ind2="4">
			<marc:subfield code="a">Fiction</marc:subfield>
		</marc:datafield>
		<marc:datafield tag="655" ind1=" " ind2="4">
			<marc:subfield code="a">Horror</marc:subfield>
		</marc:datafield>
		<marc:datafield tag="655" ind1=" " ind2="4">
			<marc:subfield code="a">Fantasy</marc:subfield>
		</marc:datafield>
		<marc:datafield tag="655" ind1=" " ind2="4">
			<marc:subfield code="a">Science fiction</marc:subfield>
		</marc:datafield>
		<marc:datafield tag="655" ind1=" " ind2="4">
			<marc:subfield code="a">Paranormal</marc:subfield>
		</marc:datafield>
		<marc:datafield tag="700" ind1="1" ind2=" ">
			<marc:subfield code="a">Lovecraft, H. P.</marc:subfield>
			<marc:subfield code="q">(Howard Phillips)</marc:subfield>
			<marc:subfield code="d">1890-1937</marc:subfield>
			<marc:subfield code="e">contributor</marc:subfield>
			<marc:subfield code="4">ctb</marc:subfield>
			<marc:subfield code="1">http://viaf.org/viaf/66470391</marc:subfield>
		</marc:datafield>
		<marc:datafield tag="700" ind1="1" ind2="2">
			<marc:subfield code="a">Lovecraft, H. P.</marc:subfield>
			<marc:subfield code="q">(Howard Phillips)</marc:subfield>
			<marc:subfield code="d">1890-1937</marc:subfield>
			<marc:subfield code="t">Herbert West, reanimator</marc:subfield>
			<marc:subfield code="1">http://viaf.org/viaf/184760797</marc:subfield>
		</marc:datafield>
	</marc:record>