
	<marc:record>
		<marc:leader>02866cam a2200469 i 4500</marc:leader>
		<marc:controlfield tag="001">ocn745979609</marc:controlfield>
		<marc:controlfield tag="003">OCoLC</marc:controlfield>
		<marc:controlfield tag="005">20140913161150.0</marc:controlfield>
		<marc:controlfield tag="008">110525s2012    pau           000 j eng  </marc:controlfield>
		<marc:datafield tag="010" ind1=" " ind2=" ">
			<marc:subfield code="a">  2011930511</marc:subfield>
		</marc:datafield>
		<marc:datafield tag="020" ind1=" " ind2=" ">
			<marc:subfield code="a">9780762444328 (pbk.)</marc:subfield>
		</marc:datafield>
		<marc:datafield tag="020" ind1=" " ind2=" ">
			<marc:subfield code="a">0762444320 (pbk.)</marc:subfield>
		</marc:datafield>
		<marc:datafield tag="035" ind1=" " ind2=" ">
			<marc:subfield code="a">(Sirsi) a3173742</marc:subfield>
		</marc:datafield>
		<marc:datafield tag="035" ind1=" " ind2=" ">
			<marc:subfield code="a">(OCoLC)745979609</marc:subfield>
		</marc:datafield>
		<marc:datafield tag="040" ind1=" " ind2=" ">
			<marc:subfield code="a">DLC</marc:subfield>
			<marc:subfield code="b">eng</marc:subfield>
			<marc:subfield code="e">rda</marc:subfield>
			<marc:subfield code="c">DLC</marc:subfield>
			<marc:subfield code="d">BTCTA</marc:subfield>
			<marc:subfield code="d">BDX</marc:subfield>
			<marc:subfield code="d">DPL</marc:subfield>
			<marc:subfield code="d">YDXCP</marc:subfield>
			<marc:subfield code="d">OCLCO</marc:subfield>
			<marc:subfield code="d">OCLCF</marc:subfield>
			<marc:subfield code="d">OCLCQ</marc:subfield>
			<marc:subfield code="d">OCLCO</marc:subfield>
		</marc:datafield>
		<marc:datafield tag="042" ind1=" " ind2=" ">
			<marc:subfield code="a">pcc</marc:subfield>
		</marc:datafield>
		<marc:datafield tag="050" ind1="0" ind2="0">
			<marc:subfield code="a">PR1309.H6</marc:subfield>
			<marc:subfield code="b">M3555 2012</marc:subfield>
		</marc:datafield>
		<marc:datafield tag="090" ind1=" " ind2=" ">
			<marc:subfield code="a">FICTION MAM</marc:subfield>
			<marc:subfield code="e">ME</marc:subfield>
		</marc:datafield>
		<marc:datafield tag="100" ind1="1" ind2=" ">
			<marc:subfield code="a">Kane, Paul</marc:subfield>
			<marc:subfield code="d">1973-</marc:subfield>
			<marc:subfield code="e">editor</marc:subfield>
			<marc:subfield code="4">edt</marc:subfield>
			<marc:subfield code="1">http://viaf.org/viaf/47967896</marc:subfield>
		</marc:datafield>
		<marc:datafield tag="240" ind1=" " ind2=" ">
			<marc:subfield code="a">The Mammoth Book of Body Horror</marc:subfield>
			<marc:subfield code="1">http://www.isfdb.org/cgi-bin/title.cgi?1376094</marc:subfield>
		</marc:datafield>
		<marc:datafield tag="245" ind1="0" ind2="4">
			<marc:subfield code="a">The mammoth book of body horror /</marc:subfield>
			<marc:subfield code="c">edited by Paul Kane and Marie O'Regan.</marc:subfield>
		</marc:datafield>
		<marc:datafield tag="246" ind1="3" ind2="0">
			<marc:subfield code="a">Body horror</marc:subfield>
		</marc:datafield>
		<marc:datafield tag="264" ind1=" " ind2="1">
			<marc:subfield code="a">Philadelphia, PA :</marc:subfield>
			<marc:subfield code="b">Running Press Book Publishers,</marc:subfield>
			<marc:subfield code="c">2012.</marc:subfield>
		</marc:datafield>
		<marc:datafield tag="300" ind1=" " ind2=" ">
			<marc:subfield code="a">vi, 500 pages</marc:subfield>
			<marc:subfield code="c">20 cm</marc:subfield>
		</marc:datafield>
		<marc:datafield tag="336" ind1=" " ind2=" ">
			<marc:subfield code="a">text</marc:subfield>
			<marc:subfield code="b">txt</marc:subfield>
			<marc:subfield code="2">rdacontent</marc:subfield>
			<marc:subfield code="0">http://id.loc.gov/vocabulary/contentTypes/txt</marc:subfield>
		</marc:datafield>
		<marc:datafield tag="337" ind1=" " ind2=" ">
			<marc:subfield code="a">unmediated</marc:subfield>
			<marc:subfield code="b">n</marc:subfield>
			<marc:subfield code="2">rdamedia</marc:subfield>
			<marc:subfield code="0">http://id.loc.gov/vocabulary/mediaTypes/n</marc:subfield>
		</marc:datafield>
		<marc:datafield tag="338" ind1=" " ind2=" ">
			<marc:subfield code="a">volume</marc:subfield>
			<marc:subfield code="b">nc</marc:subfield>
			<marc:subfield code="2">rdacarrier</marc:subfield>
			<marc:subfield code="0">http://id.loc.gov/vocabulary/carriers/nc</marc:subfield>
		</marc:datafield>
		<marc:datafield tag="380" ind1=" " ind2=" ">
			<marc:subfield code="a">Short story</marc:subfield>
		</marc:datafield>
		<marc:datafield tag="500" ind1=" " ind2=" ">
			<marc:subfield code="a">Cover art: Carlos Castro.</marc:subfield>
		</marc:datafield>
		<marc:datafield tag="505" ind1="0" ind2="0">
			<marc:subfield code="g">Introduction /</marc:subfield>
			<marc:subfield code="r">Stuart Gordon --</marc:subfield>
			<marc:subfield code="t">Transformation /</marc:subfield>
			<marc:subfield code="r">Mary Shelley --</marc:subfield>
			<marc:subfield code="t">The tell-tale heart /</marc:subfield>
			<marc:subfield code="r">Edgar Alan Poe --</marc:subfield>
			<marc:subfield code="t">Herbert West, reanimator /</marc:subfield>
			<marc:subfield code="r">H.P. Lovecraft --</marc:subfield>
			<marc:subfield code="t">Who goes there? /</marc:subfield>
			<marc:subfield code="r">John W. Campbell --</marc:subfield>
			<marc:subfield code="t">The fly /</marc:subfield>
			<marc:subfield code="r">George Langelaan --</marc:subfield>
			<marc:subfield code="t">Tis the season to be jelly /</marc:subfield>
			<marc:subfield code="r">Richard Matheson --</marc:subfield>
			<marc:subfield code="t">Survivor type /</marc:subfield>
			<marc:subfield code="r">Stephen King --</marc:subfield>
			<marc:subfield code="t">The body politic /</marc:subfield>
			<marc:subfield code="r">Clive Barker --</marc:subfield>
			<marc:subfield code="t">The Chaney legacy /</marc:subfield>
			<marc:subfield code="r">Robert Bloch --</marc:subfield>
			<marc:subfield code="t">The other side /</marc:subfield>
			<marc:subfield code="r">Ramsay Campbell --</marc:subfield>
			<marc:subfield code="t">Fruiting bodies /</marc:subfield>
			<marc:subfield code="r">Brian Lumley --</marc:subfield>
			<marc:subfield code="t">Freaktent /</marc:subfield>
			<marc:subfield code="r">Nancy A. Collins --</marc:subfield>
			<marc:subfield code="t">Region of the flesh /</marc:subfield>
			<marc:subfield code="t">Richard Christian Matheson --</marc:subfield>
			<marc:subfield code="t">Walking wounded /</marc:subfield>
			<marc:subfield code="r">Michael Marshall Smith --</marc:subfield>
			<marc:subfield code="t">Changes /</marc:subfield>
			<marc:subfield code="r">Neil Gaiman --</marc:subfield>
			<marc:subfield code="t">Others /</marc:subfield>
			<marc:subfield code="r">James Herbert --</marc:subfield>
			<marc:subfield code="t">The look /</marc:subfield>
			<marc:subfield code="r">Christopher Fowler --</marc:subfield>
			<marc:subfield code="t">Residue /</marc:subfield>
			<marc:subfield code="r">Alice Henderson --</marc:subfield>
			<marc:subfield code="t">Dog days /</marc:subfield>
			<marc:subfield code="r">Graham Masterton --</marc:subfield>
			<marc:subfield code="t">Black box /</marc:subfield>
			<marc:subfield code="r">Gemma Files --</marc:subfield>
			<marc:subfield code="t">The soaring dead /</marc:subfield>
			<marc:subfield code="r">Simon Clark --</marc:subfield>
			<marc:subfield code="t">Polyp /</marc:subfield>
			<marc:subfield code="r">Barbie Wilde --</marc:subfield>
			<marc:subfield code="t">Almost forever /</marc:subfield>
			<marc:subfield code="r">David Moody --</marc:subfield>
			<marc:subfield code="t">Butterfly /</marc:subfield>
			<marc:subfield code="r">Axelle Carolyn --</marc:subfield>
			<marc:subfield code="t">Sticky eye /</marc:subfield>
			<marc:subfield code="r">Conrad Williams.</marc:subfield>
		</marc:datafield>
		<marc:datafield tag="650" ind1=" " ind2="4">
			<marc:subfield code="a">Body horror</marc:subfield>
		</marc:datafield>
		<marc:datafield tag="650" ind1=" " ind2="4">
			<marc:subfield code="a">Horror tales</marc:subfield>
		</marc:datafield>
		<marc:datafield tag="650" ind1=" " ind2="4">
			<marc:subfield code="a">Anthologies</marc:subfield>
		</marc:datafield>
		<marc:datafield tag="655" ind1=" " ind2="4">
			<marc:subfield code="a">Fiction</marc:subfield>
		</marc:datafield>
		<marc:datafield tag="655" ind1=" " ind2="4">
			<marc:subfield code="a">Horror</marc:subfield>
		</marc:datafield>
		<marc:datafield tag="655" ind1=" " ind2="4">
			<marc:subfield code="a">Fantasy</marc:subfield>
		</marc:datafield>
		<marc:datafield tag="655" ind1=" " ind2="4">
			<marc:subfield code="a">Short stories</marc:subfield>
		</marc:datafield>
		<marc:datafield tag="700" ind1="1" ind2=" ">
			<marc:subfield code="a">Lovecraft, H. P.</marc:subfield>
			<marc:subfield code="q">(Howard Phillips)</marc:subfield>
			<marc:subfield code="d">1890-1937</marc:subfield>
			<marc:subfield code="e">contributor</marc:subfield>
			<marc:subfield code="4">ctb</marc:subfield>
			<marc:subfield code="1">http://viaf.org/viaf/66470391</marc:subfield>
		</marc:datafield>
		<marc:datafield tag="700" ind1="1" ind2="2">
			<marc:subfield code="a">Lovecraft, H. P.</marc:subfield>
			<marc:subfield code="q">(Howard Phillips)</marc:subfield>
			<marc:subfield code="d">1890-1937</marc:subfield>
			<marc:subfield code="t">Herbert West, reanimator</marc:subfield>
			<marc:subfield code="1">http://viaf.org/viaf/184760797</marc:subfield>
		</marc:datafield>
		<marc:datafield tag="700" ind1="1" ind2=" ">
			<marc:subfield code="a">O'Regan, Marie.</marc:subfield>
			<marc:subfield code="e">editor</marc:subfield>
			<marc:subfield code="4">edt</marc:subfield>
			<marc:subfield code="1">http://viaf.org/viaf/83526775</marc:subfield>
		</marc:datafield>
		<marc:datafield tag="700" ind1="1" ind2=" ">
			<marc:subfield code="a">Gordon, Stuart</marc:subfield>
			<marc:subfield code="d">1947-</marc:subfield>
			<marc:subfield code="e">writer of added commentary</marc:subfield>
			<marc:subfield code="4">wac</marc:subfield>
			<marc:subfield code="1">http://viaf.org/viaf/171894267</marc:subfield>
		</marc:datafield>
		<marc:datafield tag="700" ind1="1" ind2=" ">
			<marc:subfield code="a">Castro, Carlos</marc:subfield>
			<marc:subfield code="e">cover designer</marc:subfield>
			<marc:subfield code="4">cov</marc:subfield>
			<marc:subfield code="1">http://www.isfdb.org/cgi-bin/ea.cgi?273852</marc:subfield>
		</marc:datafield>
	</marc:record>