
	<marc:record>
		<marc:leader>07183cam a2200577 a 4500</marc:leader>
		<marc:controlfield tag="001">erc0000219232</marc:controlfield>
		<marc:controlfield tag="003">TLC</marc:controlfield>
		<marc:controlfield tag="005">20140104220124.0</marc:controlfield>
		<marc:controlfield tag="006">m        d        </marc:controlfield>
		<marc:controlfield tag="007">cr unu||||||||</marc:controlfield>
		<marc:controlfield tag="008">140104t20122011nyu     o     000 j eng d</marc:controlfield>
		<marc:datafield tag="035" ind1=" " ind2=" ">
			<marc:subfield code="a">(Sirsi) a3066224</marc:subfield>
		</marc:datafield>
		<marc:datafield tag="037" ind1=" " ind2=" ">
			<marc:subfield code="a">14F5B7B4-C641-4CBA-8CAB-E538176DF38B</marc:subfield>
			<marc:subfield code="b">OverDrive, Inc.</marc:subfield>
			<marc:subfield code="n">http://www.overdrive.com</marc:subfield>
		</marc:datafield>
		<marc:datafield tag="040" ind1=" " ind2=" ">
			<marc:subfield code="a">TLC</marc:subfield>
			<marc:subfield code="c">TLC</marc:subfield>
		</marc:datafield>
		<marc:datafield tag="050" ind1="0" ind2="0">
			<marc:subfield code="a">PN6071.H727</marc:subfield>
			<marc:subfield code="b">W46 2011</marc:subfield>
		</marc:datafield>
		<marc:datafield tag="082" ind1="0" ind2="4">
			<marc:subfield code="a">808.83876</marc:subfield>
			<marc:subfield code="2">23</marc:subfield>
		</marc:datafield>
		<marc:datafield tag="100" ind1="1" ind2=" ">
			<marc:subfield code="a">VanderMeer, Ann</marc:subfield>
			<marc:subfield code="e">editor</marc:subfield>
			<marc:subfield code="4">edt</marc:subfield>
			<marc:subfield code="1">http://viaf.org/viaf/85848087</marc:subfield>
		</marc:datafield>
		<marc:datafield tag="240" ind1=" " ind2=" ">
			<marc:subfield code="a">The Weird: A Compendium of Strange and Dark Stories</marc:subfield>
			<marc:subfield code="1">http://www.isfdb.org/cgi-bin/pl.cgi?381533</marc:subfield>
		</marc:datafield>
		<marc:datafield tag="245" ind1="0" ind2="4">
			<marc:subfield code="a">The weird :</marc:subfield>
			<marc:subfield code="b">a compendium of strange and dark stories /</marc:subfield>
			<marc:subfield code="c">edited by Ann and Jeff VanderMeer.</marc:subfield>
		</marc:datafield>
		<marc:datafield tag="260" ind1=" " ind2=" ">
			<marc:subfield code="a">New York :</marc:subfield>
			<marc:subfield code="b">Tor Books,</marc:subfield>
			<marc:subfield code="c">2012, c2011.</marc:subfield>
		</marc:datafield>
		<marc:datafield tag="300" ind1=" " ind2=" ">
			<marc:subfield code="a">1 online resource</marc:subfield>
		</marc:datafield>
		<marc:datafield tag="336" ind1=" " ind2=" ">
			<marc:subfield code="a">text</marc:subfield>
			<marc:subfield code="b">txt</marc:subfield>
			<marc:subfield code="2">rdacontent</marc:subfield>
			<marc:subfield code="0">http://id.loc.gov/vocabulary/contentTypes/txt</marc:subfield>
		</marc:datafield>
		<marc:datafield tag="337" ind1=" " ind2=" ">
			<marc:subfield code="a">computer</marc:subfield>
			<marc:subfield code="b">c</marc:subfield>
			<marc:subfield code="2">rdamedia</marc:subfield>
			<marc:subfield code="0">http://id.loc.gov/vocabulary/mediaTypes/c</marc:subfield>
		</marc:datafield>
		<marc:datafield tag="338" ind1=" " ind2=" ">
			<marc:subfield code="a">online resource</marc:subfield>
			<marc:subfield code="b">cr</marc:subfield>
			<marc:subfield code="2">rdacarrier</marc:subfield>
			<marc:subfield code="0">http://id.loc.gov/vocabulary/carriers/cr</marc:subfield>
		</marc:datafield>
		<marc:datafield tag="380" ind1=" " ind2=" ">
			<marc:subfield code="a">Short story</marc:subfield>
		</marc:datafield>
		<marc:datafield tag="500" ind1=" " ind2=" ">
			<marc:subfield code="a">"A Tom Doherty Associates book."</marc:subfield>
		</marc:datafield>
		<marc:datafield tag="500" ind1=" " ind2=" ">
			<marc:subfield code="a">Originally published : Great Britain : Corvus, 2011.</marc:subfield>
		</marc:datafield>
		<marc:datafield tag="500" ind1=" " ind2=" ">
			<marc:subfield code="a">Electronic book.</marc:subfield>
		</marc:datafield>
		<marc:datafield tag="505" ind1="0" ind2="0">
			<marc:subfield code="t">Foreweird /</marc:subfield>
			<marc:subfield code="r">Michael Moorcock --</marc:subfield>
			<marc:subfield code="t">Introduction /</marc:subfield>
			<marc:subfield code="r">Ann and Jeff VanderMeer --</marc:subfield>
			<marc:subfield code="t">The other side (excerpt) /</marc:subfield>
			<marc:subfield code="r">Alfred Kubin --</marc:subfield>
			<marc:subfield code="t">The screaming skull /</marc:subfield>
			<marc:subfield code="r">F. Marion Crawford --</marc:subfield>
			<marc:subfield code="t">The willows /</marc:subfield>
			<marc:subfield code="r">Algernon Blackwood --</marc:subfield>
			<marc:subfield code="t">Sredni Vashtar /</marc:subfield>
			<marc:subfield code="r">Saki --</marc:subfield>
			<marc:subfield code="t">Casting the runes /</marc:subfield>
			<marc:subfield code="r">M.R. James --</marc:subfield>
			<marc:subfield code="t">How Nuth would have practised his art upon the Gnoles /</marc:subfield>
			<marc:subfield code="r">Lord Dunsany --</marc:subfield>
			<marc:subfield code="t">The man in the bottle /</marc:subfield>
			<marc:subfield code="r">Gustav Meyrink --</marc:subfield>
			<marc:subfield code="t">The dissection /</marc:subfield>
			<marc:subfield code="r">George Heym --</marc:subfield>
			<marc:subfield code="t">The spider /</marc:subfield>
			<marc:subfield code="r">Hanns Heinz Ewers --</marc:subfield>
			<marc:subfield code="t">The hungry stones /</marc:subfield>
			<marc:subfield code="r">Rabindranath Tagore --</marc:subfield>
			<marc:subfield code="t">The vegetable man /</marc:subfield>
			<marc:subfield code="r">Luigi Ugolini --</marc:subfield>
			<marc:subfield code="t">The people of the pit /</marc:subfield>
			<marc:subfield code="r">A. Merritt --</marc:subfield>
			<marc:subfield code="t">The hell screen /</marc:subfield>
			<marc:subfield code="r">Ryūnosuke Akutagawa --</marc:subfield>
			<marc:subfield code="t">Unseen-- unfeared /</marc:subfield>
			<marc:subfield code="r">Francis Stevens --</marc:subfield>
			<marc:subfield code="t">In the penal colony /</marc:subfield>
			<marc:subfield code="r">Franz Kafka --</marc:subfield>
			<marc:subfield code="t">The white wyrak /</marc:subfield>
			<marc:subfield code="r">Stefan Grabinski --</marc:subfield>
			<marc:subfield code="t">The night wire /</marc:subfield>
			<marc:subfield code="r">H.F. Arnold --</marc:subfield>
			<marc:subfield code="t">The Dunwich horror /</marc:subfield>
			<marc:subfield code="r">H.P. Lovecraft --</marc:subfield>
			<marc:subfield code="t">The book /</marc:subfield>
			<marc:subfield code="r">Margaret Irwin --</marc:subfield>
			<marc:subfield code="t">The Mainz Psalter /</marc:subfield>
			<marc:subfield code="r">Jean Ray --</marc:subfield>
			<marc:subfield code="t">The shadowy street /</marc:subfield>
			<marc:subfield code="r">Jean Ray --</marc:subfield>
			<marc:subfield code="t">Genius loci /</marc:subfield>
			<marc:subfield code="r">Clark Ashton Smith --</marc:subfield>
			<marc:subfield code="t">The town of cats /</marc:subfield>
			<marc:subfield code="r">Hagiwara Sakutarō --</marc:subfield>
			<marc:subfield code="t">The tarn /</marc:subfield>
			<marc:subfield code="r">Hugh Walpole --</marc:subfield>
			<marc:subfield code="t">Sanatorium under the sign of the hourglass /</marc:subfield>
			<marc:subfield code="r">Bruno Schulz --</marc:subfield>
			<marc:subfield code="t">Far below /</marc:subfield>
			<marc:subfield code="r">Robert Barbour Johnson --</marc:subfield>
			<marc:subfield code="t">Smoke ghost /</marc:subfield>
			<marc:subfield code="r">Fritz Leiber --</marc:subfield>
			<marc:subfield code="t">White rabbits /</marc:subfield>
			<marc:subfield code="r">Leonora Carrington --</marc:subfield>
			<marc:subfield code="t">Mimic /</marc:subfield>
			<marc:subfield code="r">Donald A. Wollheim --</marc:subfield>
			<marc:subfield code="t">The crowd /</marc:subfield>
			<marc:subfield code="r">Ray Bradbury --</marc:subfield>
			<marc:subfield code="t">The long sheet /</marc:subfield>
			<marc:subfield code="r">William Sansom.</marc:subfield>
		</marc:datafield>
		<marc:datafield tag="505" ind1="8" ind2="0">
			<marc:subfield code="t">The aleph /</marc:subfield>
			<marc:subfield code="r">Jorge Luis Borges --</marc:subfield>
			<marc:subfield code="t">A child in the bush of ghosts /</marc:subfield>
			<marc:subfield code="r">Olympe Bhêly-Quénum --</marc:subfield>
			<marc:subfield code="t">The summer people /</marc:subfield>
			<marc:subfield code="r">Shirley Jackson --</marc:subfield>
			<marc:subfield code="t">The man who sold rope to the Gnoles /</marc:subfield>
			<marc:subfield code="r">Margaret St. Clair --</marc:subfield>
			<marc:subfield code="t">The hungry house /</marc:subfield>
			<marc:subfield code="r">Robert Bloch --</marc:subfield>
			<marc:subfield code="t">The complete gentleman /</marc:subfield>
			<marc:subfield code="r">Amos Tutuola --</marc:subfield>
			<marc:subfield code="t">"It's a good life" /</marc:subfield>
			<marc:subfield code="r">Jerome Bixby --</marc:subfield>
			<marc:subfield code="t">Mister Taylor /</marc:subfield>
			<marc:subfield code="r">Augusto Monterroso --</marc:subfield>
			<marc:subfield code="t">Axolotl /</marc:subfield>
			<marc:subfield code="r">Julio Cortázar --</marc:subfield>
			<marc:subfield code="t">A woman seldom found /</marc:subfield>
			<marc:subfield code="r">William Sansom --</marc:subfield>
			<marc:subfield code="t">The howling man /</marc:subfield>
			<marc:subfield code="r">Charles Beaumont --</marc:subfield>
			<marc:subfield code="t">Same time, same place /</marc:subfield>
			<marc:subfield code="r">Mervyn Peake --</marc:subfield>
			<marc:subfield code="t">The Colomber /</marc:subfield>
			<marc:subfield code="r">Dino Buzzati --</marc:subfield>
			<marc:subfield code="t">The other side of the mountain /</marc:subfield>
			<marc:subfield code="r">Michel Bernanos --</marc:subfield>
			<marc:subfield code="t">The salamander /</marc:subfield>
			<marc:subfield code="r">Mercè Rodoreda --</marc:subfield>
			<marc:subfield code="t">The ghoulbird /</marc:subfield>
			<marc:subfield code="r">Claude Seignolle --</marc:subfield>
			<marc:subfield code="t">The sea was wet as wet could be /</marc:subfield>
			<marc:subfield code="r">Gahan Wilson --</marc:subfield>
			<marc:subfield code="t">Don't look now /</marc:subfield>
			<marc:subfield code="r">Daphne du Maurier --</marc:subfield>
			<marc:subfield code="t">The hospice /</marc:subfield>
			<marc:subfield code="r">Robert Aickman --</marc:subfield>
			<marc:subfield code="t">It only comes out at night /</marc:subfield>
			<marc:subfield code="r">Dennis Etchison --</marc:subfield>
			<marc:subfield code="t">The psychologist who wouldn't do awful things to rats /</marc:subfield>
			<marc:subfield code="r">James Tiptree, Jr.</marc:subfield>
		</marc:datafield>
		<marc:datafield tag="505" ind1="8" ind2="0">
			<marc:subfield code="t">The beak doctor /</marc:subfield>
			<marc:subfield code="r">Eric Basso --</marc:subfield>
			<marc:subfield code="t">My mother /</marc:subfield>
			<marc:subfield code="r">Jamaica Kincaid --</marc:subfield>
			<marc:subfield code="t">Sandkings /</marc:subfield>
			<marc:subfield code="r">George R.R. Martin --</marc:subfield>
			<marc:subfield code="t">Window /</marc:subfield>
			<marc:subfield code="r">Bob Leman --</marc:subfield>
			<marc:subfield code="t">The brood /</marc:subfield>
			<marc:subfield code="r">Ramsey Campbell --</marc:subfield>
			<marc:subfield code="t">The autopsy /</marc:subfield>
			<marc:subfield code="r">Michael Shea --</marc:subfield>
			<marc:subfield code="t">The belonging kind /</marc:subfield>
			<marc:subfield code="r">William Gibson, John Shirley --</marc:subfield>
			<marc:subfield code="t">Egnaro /</marc:subfield>
			<marc:subfield code="r">M. John Harrison --</marc:subfield>
			<marc:subfield code="t">The dirty little girl /</marc:subfield>
			<marc:subfield code="r">Joanna Russ --</marc:subfield>
			<marc:subfield code="t">The new rays /</marc:subfield>
			<marc:subfield code="r">M. John Harrison --</marc:subfield>
			<marc:subfield code="t">The discovery of Telanapota /</marc:subfield>
			<marc:subfield code="r">Premendra Mitra --</marc:subfield>
			<marc:subfield code="t">Soft /</marc:subfield>
			<marc:subfield code="r">F. Paul Wilson --</marc:subfield>
			<marc:subfield code="t">Bloodchild /</marc:subfield>
			<marc:subfield code="r">Octavia E. Butler --</marc:subfield>
			<marc:subfield code="t">In the hills, the cities /</marc:subfield>
			<marc:subfield code="r">Clive Barker --</marc:subfield>
			<marc:subfield code="t">Tainaron: mail from another city /</marc:subfield>
			<marc:subfield code="r">Leena Krohn --</marc:subfield>
			<marc:subfield code="t">Hogfoot right and Bird-hands /</marc:subfield>
			<marc:subfield code="r">Garry Kilworth --</marc:subfield>
			<marc:subfield code="t">Shades /</marc:subfield>
			<marc:subfield code="r">Lucius Shepard --</marc:subfield>
			<marc:subfield code="t">The function of dream sleep /</marc:subfield>
			<marc:subfield code="r">Harlan Ellison --</marc:subfield>
			<marc:subfield code="t">Worlds that flourish /</marc:subfield>
			<marc:subfield code="r">Ben Okri --</marc:subfield>
			<marc:subfield code="t">The boy in the tree /</marc:subfield>
			<marc:subfield code="r">Elizabeth Hand --</marc:subfield>
			<marc:subfield code="t">Family /</marc:subfield>
			<marc:subfield code="r">Joyce Carol Oates --</marc:subfield>
			<marc:subfield code="t">His mouth will taste of Wormwood /</marc:subfield>
			<marc:subfield code="r">Poppy Z. Brite --</marc:subfield>
			<marc:subfield code="t">The end of the garden /</marc:subfield>
			<marc:subfield code="r">Michal Ajvaz --</marc:subfield>
			<marc:subfield code="t">The dark /</marc:subfield>
			<marc:subfield code="r">Karen Joy Fowler --</marc:subfield>
			<marc:subfield code="t">Angels in love /</marc:subfield>
			<marc:subfield code="r">Kathe Koja --</marc:subfield>
			<marc:subfield code="t">The ice man /</marc:subfield>
			<marc:subfield code="r">Maruki Murakami.</marc:subfield>
		</marc:datafield>
		<marc:datafield tag="505" ind1="8" ind2="0">
			<marc:subfield code="t">Repacements /</marc:subfield>
			<marc:subfield code="r">Lisa Tuttle --</marc:subfield>
			<marc:subfield code="t">The Diane Arbus suicide portfolio /</marc:subfield>
			<marc:subfield code="r">Marc Laidlaw --</marc:subfield>
			<marc:subfield code="t">The country doctor /</marc:subfield>
			<marc:subfield code="r">Steven Utley --</marc:subfield>
			<marc:subfield code="t">Last rites and resurrections /</marc:subfield>
			<marc:subfield code="r">Martin Simpson --</marc:subfield>
			<marc:subfield code="t">The ocean and all its devices /</marc:subfield>
			<marc:subfield code="r">William Browning Spencer --</marc:subfield>
			<marc:subfield code="t">The delicate /</marc:subfield>
			<marc:subfield code="r">Jeffrey Ford --</marc:subfield>
			<marc:subfield code="t">The man in the black suit /</marc:subfield>
			<marc:subfield code="r">Stephen King --</marc:subfield>
			<marc:subfield code="t">The snow pavilion /</marc:subfield>
			<marc:subfield code="r">Angela Carter --</marc:subfield>
			<marc:subfield code="t">The meat garden /</marc:subfield>
			<marc:subfield code="r">Craig Padawer --</marc:subfield>
			<marc:subfield code="t">The stiff and the stile /</marc:subfield>
			<marc:subfield code="r">Stepan Chapman --</marc:subfield>
			<marc:subfield code="t">Yellow and red /</marc:subfield>
			<marc:subfield code="r">Tanith Lee --</marc:subfield>
			<marc:subfield code="t">The specialist's hat /</marc:subfield>
			<marc:subfield code="r">Kelly Link --</marc:subfield>
			<marc:subfield code="t">A redress for Andromeda /</marc:subfield>
			<marc:subfield code="r">Caitlín R. Kiernan --</marc:subfield>
			<marc:subfield code="t">The god of dark laughter /</marc:subfield>
			<marc:subfield code="r">Michael Chabon --</marc:subfield>
			<marc:subfield code="t">Details /</marc:subfield>
			<marc:subfield code="r">China Miéville --</marc:subfield>
			<marc:subfield code="t">The genius of assassins /</marc:subfield>
			<marc:subfield code="r">Michael Cisco --</marc:subfield>
			<marc:subfield code="t">Feeders and eaters /</marc:subfield>
			<marc:subfield code="r">Neil Gaiman --</marc:subfield>
			<marc:subfield code="t">The cage /</marc:subfield>
			<marc:subfield code="r">Jeff VanderMeer --</marc:subfield>
			<marc:subfield code="t">The beautiful Gelreesh /</marc:subfield>
			<marc:subfield code="r">Jeffrey Ford --</marc:subfield>
			<marc:subfield code="t">The town manager /</marc:subfield>
			<marc:subfield code="r">Thomas Ligotti --</marc:subfield>
			<marc:subfield code="t">The brotherhood of mutilation /</marc:subfield>
			<marc:subfield code="r">Brian Evenson --</marc:subfield>
			<marc:subfield code="t">The white hands /</marc:subfield>
			<marc:subfield code="r">Mark Samuels --</marc:subfield>
			<marc:subfield code="t">Flat Diane /</marc:subfield>
			<marc:subfield code="r">Daniel Abraham --</marc:subfield>
			<marc:subfield code="t">Singing my sister down /</marc:subfield>
			<marc:subfield code="r">Margo Lanagan --</marc:subfield>
			<marc:subfield code="t">The people on the island /</marc:subfield>
			<marc:subfield code="r">T.M. Wright --</marc:subfield>
			<marc:subfield code="t">The forest /</marc:subfield>
			<marc:subfield code="r">Laird Barron --</marc:subfield>
			<marc:subfield code="t">The hide /</marc:subfield>
			<marc:subfield code="r">Liz Williams --</marc:subfield>
			<marc:subfield code="t">Dust enforcer /</marc:subfield>
			<marc:subfield code="r">Reza Negarestani --</marc:subfield>
			<marc:subfield code="t">The familiars /</marc:subfield>
			<marc:subfield code="r">Micaela Morrissette --</marc:subfield>
			<marc:subfield code="t">The lion's den /</marc:subfield>
			<marc:subfield code="r">Seve Duffy --</marc:subfield>
			<marc:subfield code="t">Little lambs /</marc:subfield>
			<marc:subfield code="r">Stephen Graham Jones --</marc:subfield>
			<marc:subfield code="t">Saving the gleeful horse /</marc:subfield>
			<marc:subfield code="r">K.J. bishop --</marc:subfield>
			<marc:subfield code="t">Afterweird /</marc:subfield>
			<marc:subfield code="r">China Miéville.</marc:subfield>
		</marc:datafield>
		<marc:datafield tag="520" ind1=" " ind2=" ">
			<marc:subfield code="a">An oversized anthology of dark and bizarre tales written throughout the past century includes entries by international best-sellers and award-winners, including Neil Gaiman, Stephen King, and Franz Kafka.</marc:subfield>
		</marc:datafield>
		<marc:datafield tag="533" ind1=" " ind2=" ">
			<marc:subfield code="a">Electronic reproduction.</marc:subfield>
			<marc:subfield code="b">New York</marc:subfield>
			<marc:subfield code="c">Tom Doherty Associates</marc:subfield>
			<marc:subfield code="d">2012</marc:subfield>
			<marc:subfield code="n">Available via World Wide Web.</marc:subfield>
		</marc:datafield>
		<marc:datafield tag="650" ind1=" " ind2="4">
			<marc:subfield code="a">Anthologies</marc:subfield>
		</marc:datafield>
		<marc:datafield tag="655" ind1=" " ind2="4">
			<marc:subfield code="a">Paranormal</marc:subfield>
		</marc:datafield>
		<marc:datafield tag="655" ind1=" " ind2="4">
			<marc:subfield code="a">Electronic books</marc:subfield>
		</marc:datafield>
		<marc:datafield tag="655" ind1=" " ind2="4">
			<marc:subfield code="a">Fiction</marc:subfield>
		</marc:datafield>
		<marc:datafield tag="655" ind1=" " ind2="4">
			<marc:subfield code="a">Horror</marc:subfield>
		</marc:datafield>
		<marc:datafield tag="655" ind1=" " ind2="4">
			<marc:subfield code="a">Fantasy</marc:subfield>
		</marc:datafield>
		<marc:datafield tag="655" ind1=" " ind2="4">
			<marc:subfield code="a">Short stories</marc:subfield>
		</marc:datafield>
		<marc:datafield tag="655" ind1=" " ind2="4">
			<marc:subfield code="a">Science fiction</marc:subfield>
		</marc:datafield>
		<marc:datafield tag="700" ind1="1" ind2="2">
			<marc:subfield code="a">Lovecraft, H. P.</marc:subfield>
			<marc:subfield code="q">(Howard Phillips)</marc:subfield>
			<marc:subfield code="d">1890-1937</marc:subfield>
			<marc:subfield code="e">contributor</marc:subfield>
			<marc:subfield code="4">ctb</marc:subfield>
			<marc:subfield code="1">http://viaf.org/viaf/66470391</marc:subfield>
		</marc:datafield>
		<marc:datafield tag="700" ind1="1" ind2="2">
			<marc:subfield code="a">Lovecraft, H. P.</marc:subfield>
			<marc:subfield code="q">(Howard Phillips)</marc:subfield>
			<marc:subfield code="d">1890-1937</marc:subfield>
			<marc:subfield code="t">The Dunwich Horror</marc:subfield>
			<marc:subfield code="1">http://viaf.org/viaf/4465153954873405680002</marc:subfield>
		</marc:datafield>
		<marc:datafield tag="700" ind1="1" ind2=" ">
			<marc:subfield code="a">VanderMeer, Jeff.</marc:subfield>
			<marc:subfield code="e">editor</marc:subfield>
			<marc:subfield code="4">edt</marc:subfield>
			<marc:subfield code="1">http://viaf.org/viaf/47888668</marc:subfield>
		</marc:datafield>
		<marc:datafield tag="710" ind1="2" ind2=" ">
			<marc:subfield code="a">OverDrive, Inc.</marc:subfield>
		</marc:datafield>
		<marc:datafield tag="856" ind1="4" ind2="0">
			<marc:subfield code="z">Click here to access</marc:subfield>
			<marc:subfield code="u">http://overdrive.torontopubliclibrary.ca/ContentDetails.htm?ID=14F5B7B4-C641-4CBA-8CAB-E538176DF38B</marc:subfield>
		</marc:datafield>
		<marc:datafield tag="856" ind1="4" ind2="0">
			<marc:subfield code="z">Click here to access excerpt</marc:subfield>
			<marc:subfield code="u">http://excerpts.contentreserve.com/FormatType-410/2390-1/14F/5B7/B4/WeirdACompendiumofStrangeandDarkStori9781466803190.epub</marc:subfield>
		</marc:datafield>
		<marc:datafield tag="902" ind1=" " ind2=" ">
			<marc:subfield code="a">eBook</marc:subfield>
		</marc:datafield>
		<marc:datafield tag="020" ind1=" " ind2=" ">
			<marc:subfield code="a">9781466803190</marc:subfield>
			<marc:subfield code="c">30.93</marc:subfield>
		</marc:datafield>
		<marc:datafield tag="943" ind1=" " ind2=" ">
			<marc:subfield code="a">CO18177466</marc:subfield>
		</marc:datafield>
	</marc:record>