
	<marc:record>
		<marc:leader>03118cam a2200493Ia 4500</marc:leader>
		<marc:controlfield tag="001">ocn792872764</marc:controlfield>
		<marc:controlfield tag="003">OCoLC</marc:controlfield>
		<marc:controlfield tag="005">20130313120106.0</marc:controlfield>
		<marc:controlfield tag="008">120426s2012    wiua   d      000 1 eng d</marc:controlfield>
		<marc:datafield tag="020" ind1=" " ind2=" ">
			<marc:subfield code="a">9780982563052</marc:subfield>
		</marc:datafield>
		<marc:datafield tag="020" ind1=" " ind2=" ">
			<marc:subfield code="a">0982563051</marc:subfield>
		</marc:datafield>
		<marc:datafield tag="020" ind1=" " ind2=" ">
			<marc:subfield code="a">9780329945909 (hbk. : follettbound)</marc:subfield>
		</marc:datafield>
		<marc:datafield tag="020" ind1=" " ind2=" ">
			<marc:subfield code="a">0329945904 (hbk. : follettbound)</marc:subfield>
		</marc:datafield>
		<marc:datafield tag="035" ind1=" " ind2=" ">
			<marc:subfield code="a">(Sirsi) a2969170</marc:subfield>
		</marc:datafield>
		<marc:datafield tag="035" ind1=" " ind2=" ">
			<marc:subfield code="a">(OCoLC)792872764</marc:subfield>
		</marc:datafield>
		<marc:datafield tag="040" ind1=" " ind2=" ">
			<marc:subfield code="a">BTCTA</marc:subfield>
			<marc:subfield code="b">eng</marc:subfield>
			<marc:subfield code="c">BTCTA</marc:subfield>
			<marc:subfield code="d">RLS</marc:subfield>
			<marc:subfield code="d">JP3</marc:subfield>
			<marc:subfield code="d">MLY</marc:subfield>
			<marc:subfield code="d">KCP</marc:subfield>
			<marc:subfield code="d">NUI</marc:subfield>
		</marc:datafield>
		<marc:datafield tag="050" ind1=" " ind2="4">
			<marc:subfield code="a">PN6714</marc:subfield>
			<marc:subfield code="b">.H35 2012</marc:subfield>
		</marc:datafield>
		<marc:datafield tag="090" ind1=" " ind2=" ">
			<marc:subfield code="a">823.91 D598.276P</marc:subfield>
		</marc:datafield>
		<marc:datafield tag="100" ind1="1" ind2=" ">
			<marc:subfield code="a">Pomplun, Tom</marc:subfield>
			<marc:subfield code="e">editor</marc:subfield>
			<marc:subfield code="4">edt</marc:subfield>
		</marc:datafield>
		<marc:datafield tag="245" ind1="0" ind2="0">
			<marc:subfield code="a">Halloween Classics /</marc:subfield>
			<marc:subfield code="c">edited by Tom Pomplun.</marc:subfield>
		</marc:datafield>
		<marc:datafield tag="260" ind1=" " ind2=" ">
			<marc:subfield code="a">Mount Horeb, Wis. :</marc:subfield>
			<marc:subfield code="b">Eureka Productions</marc:subfield>
			<marc:subfield code="c">2012.</marc:subfield>
		</marc:datafield>
		<marc:datafield tag="300" ind1=" " ind2=" ">
			<marc:subfield code="a">144 pages</marc:subfield>
			<marc:subfield code="b">chiefly color illustrations ;</marc:subfield>
			<marc:subfield code="c">25 cm.</marc:subfield>
		</marc:datafield>
		<marc:datafield tag="336" ind1=" " ind2=" ">
			<marc:subfield code="a">text</marc:subfield>
			<marc:subfield code="b">txt</marc:subfield>
			<marc:subfield code="2">rdacontent</marc:subfield>
			<marc:subfield code="0">http://id.loc.gov/vocabulary/contentTypes/txt</marc:subfield>
		</marc:datafield>
		<marc:datafield tag="337" ind1=" " ind2=" ">
			<marc:subfield code="a">unmediated</marc:subfield>
			<marc:subfield code="b">n</marc:subfield>
			<marc:subfield code="2">rdamedia</marc:subfield>
			<marc:subfield code="0">http://id.loc.gov/vocabulary/mediaTypes/n</marc:subfield>
		</marc:datafield>
		<marc:datafield tag="338" ind1=" " ind2=" ">
			<marc:subfield code="a">volume</marc:subfield>
			<marc:subfield code="b">nc</marc:subfield>
			<marc:subfield code="2">rdacarrier</marc:subfield>
			<marc:subfield code="0">http://id.loc.gov/vocabulary/carriers/nc</marc:subfield>
		</marc:datafield>
		<marc:datafield tag="380" ind1=" " ind2=" ">
			<marc:subfield code="a">Fiction</marc:subfield>
		</marc:datafield>
		<marc:datafield tag="490" ind1="1" ind2=" ">
			<marc:subfield code="a">Graphic classics ;</marc:subfield>
			<marc:subfield code="v">v. 23</marc:subfield>
		</marc:datafield>
		<marc:datafield tag="505" ind1="0" ind2="0">
			<marc:subfield code="t">Hallowe'en in a suburb /</marc:subfield>
			<marc:subfield code="r">by H.P. Lovecraft ; art by Jeffrey Johannes --</marc:subfield>
			<marc:subfield code="t">Halloween /</marc:subfield>
			<marc:subfield code="r">by Mort Castle ; art by Kevin Atkinson --</marc:subfield>
			<marc:subfield code="t">The legend of Sleepy Hollow /</marc:subfield>
			<marc:subfield code="r">by Washington Irving ; adapted by Ben Avery ; art by Shepherd Hendrix --</marc:subfield>
			<marc:subfield code="t">A curious dream /</marc:subfield>
			<marc:subfield code="r">by Mark Twain ; adapted by Antonella Caputo ; art by Nick Miller --</marc:subfield>
			<marc:subfield code="t">Lot numbers 249 /</marc:subfield>
			<marc:subfield code="r">by Arthur Conan Doyle ; adapted by Tom Pomplun ; art by Simon Gane --</marc:subfield>
			<marc:subfield code="t">Cool air /</marc:subfield>
			<marc:subfield code="r">by H.P. Lovecraft ; adapted by Rod Lott ; art by Craig Wilson --</marc:subfield>
			<marc:subfield code="t">The cabinet of Dr. Caligari /</marc:subfield>
			<marc:subfield code="r">from the screenplay by Hans Janowitz and Carl Mayer ; adapted by Tom Pomplun ; art by Matt Howarth.</marc:subfield>
		</marc:datafield>
		<marc:datafield tag="520" ind1=" " ind2=" ">
			<marc:subfield code="a">Retells classic scary tales in graphic novel format.</marc:subfield>
		</marc:datafield>
		<marc:datafield tag="521" ind1="8" ind2=" ">
			<marc:subfield code="a">"Recommended for ages 12 to adult" --p.[4] of cover.</marc:subfield>
		</marc:datafield>
		<marc:datafield tag="600" ind1="1" ind2="4">
			<marc:subfield code="a">Doyle, Arthur Conan,</marc:subfield>
			<marc:subfield code="d">1859-1930</marc:subfield>
			<marc:subfield code="v">Adaptations</marc:subfield>
			<marc:subfield code="v">Comic books, strips, etc.</marc:subfield>
			<marc:subfield code="1">http://viaf.org/viaf/65283845</marc:subfield>
		</marc:datafield>
		<marc:datafield tag="600" ind1="1" ind2="4">
			<marc:subfield code="a">Lovecraft, H. P.</marc:subfield>
			<marc:subfield code="q">(Howard Phillips)</marc:subfield>
			<marc:subfield code="d">1890-1937</marc:subfield>
			<marc:subfield code="v">Adaptations</marc:subfield>
			<marc:subfield code="v">Comic books, strips, etc.</marc:subfield>
			<marc:subfield code="1">http://viaf.org/viaf/66470391</marc:subfield>
		</marc:datafield>
		<marc:datafield tag="600" ind1="1" ind2="4">
			<marc:subfield code="a">Irving, Washington</marc:subfield>
			<marc:subfield code="d">1783-1859</marc:subfield>
			<marc:subfield code="v">Adaptations</marc:subfield>
			<marc:subfield code="v">Comic books, strips, etc.</marc:subfield>
			<marc:subfield code="1">http://viaf.org/viaf/181258570</marc:subfield>
		</marc:datafield>
		<marc:datafield tag="650" ind1=" " ind2="4">
			<marc:subfield code="a">Anthologies</marc:subfield>
		</marc:datafield>
		<marc:datafield tag="650" ind1=" " ind2="4">
			<marc:subfield code="a">Holidays, Halloween</marc:subfield>
		</marc:datafield>
		<marc:datafield tag="655" ind1=" " ind2="4">
			<marc:subfield code="a">Graphic novels</marc:subfield>
		</marc:datafield>
		<marc:datafield tag="655" ind1=" " ind2="4">
			<marc:subfield code="a">Fiction</marc:subfield>
		</marc:datafield>
		<marc:datafield tag="655" ind1=" " ind2="4">
			<marc:subfield code="a">Horror</marc:subfield>
		</marc:datafield>
		<marc:datafield tag="655" ind1=" " ind2="4">
			<marc:subfield code="a">Fantasy</marc:subfield>
		</marc:datafield>
		<marc:datafield tag="655" ind1=" " ind2="4">
			<marc:subfield code="a">Short stories</marc:subfield>
		</marc:datafield>
		<marc:datafield tag="700" ind1="1" ind2=" ">
			<marc:subfield code="a">Doyle, Arthur Conan</marc:subfield>
			<marc:subfield code="d">1859-1930</marc:subfield>
			<marc:subfield code="i">adapted as graphic novel work</marc:subfield>
			<marc:subfield code="t">Lot No. 249</marc:subfield>
			<marc:subfield code="1">http://www.isfdb.org/cgi-bin/title.cgi?73240</marc:subfield>
			<marc:subfield code="4">http://rdaregistry.info/Elements/w/adaptedAsGraphicNovelWork.en</marc:subfield>
		</marc:datafield>
		<marc:datafield tag="700" ind1="1" ind2=" ">
			<marc:subfield code="a">Lovecraft, H. P.</marc:subfield>
			<marc:subfield code="q">(Howard Phillips)</marc:subfield>
			<marc:subfield code="d">1890-1937</marc:subfield>
			<marc:subfield code="i">adapted as graphic novel work</marc:subfield>
			<marc:subfield code="t">Hallowe'en in a Suburb</marc:subfield>
			<marc:subfield code="1">http://www.isfdb.org/cgi-bin/title.cgi?108997</marc:subfield>
			<marc:subfield code="4">http://rdaregistry.info/Elements/w/adaptedAsGraphicNovelWork.en</marc:subfield>
		</marc:datafield>
		<marc:datafield tag="700" ind1="1" ind2=" ">
			<marc:subfield code="a">Irving, Washington</marc:subfield>
			<marc:subfield code="d">1783-1859</marc:subfield>
			<marc:subfield code="i">adapted as graphic novel work</marc:subfield>
			<marc:subfield code="t">The Legend of Sleepy Hollow</marc:subfield>
			<marc:subfield code="1">http://viaf.org/viaf/181258570</marc:subfield>
			<marc:subfield code="4">http://rdaregistry.info/Elements/w/adaptedAsGraphicNovelWork.en</marc:subfield>
		</marc:datafield>
		<marc:datafield tag="830" ind1=" " ind2="0">
			<marc:subfield code="a">Graphic classics ;</marc:subfield>
			<marc:subfield code="v">v. 23.</marc:subfield>
			<marc:subfield code="0">http://id.loc.gov/authorities/names/no2003033429</marc:subfield>
		</marc:datafield>
	</marc:record>