
	<marc:record>
		<marc:leader>06359cam a2200613 a 4500</marc:leader>
		<marc:controlfield tag="001">ocn769427188</marc:controlfield>
		<marc:controlfield tag="003">OCoLC</marc:controlfield>
		<marc:controlfield tag="005">20121121123923.0</marc:controlfield>
		<marc:controlfield tag="008">120522s2012    nyu           000 j eng  </marc:controlfield>
		<marc:datafield tag="010" ind1=" " ind2=" ">
			<marc:subfield code="a">  2012020265</marc:subfield>
		</marc:datafield>
		<marc:datafield tag="020" ind1=" " ind2=" ">
			<marc:subfield code="a">9780307474490 (pbk.)</marc:subfield>
		</marc:datafield>
		<marc:datafield tag="020" ind1=" " ind2=" ">
			<marc:subfield code="a">0307474496 (pbk.)</marc:subfield>
		</marc:datafield>
		<marc:datafield tag="035" ind1=" " ind2=" ">
			<marc:subfield code="a">(Sirsi) a2934656</marc:subfield>
		</marc:datafield>
		<marc:datafield tag="035" ind1=" " ind2=" ">
			<marc:subfield code="a">(OCoLC)769427188</marc:subfield>
		</marc:datafield>
		<marc:datafield tag="040" ind1=" " ind2=" ">
			<marc:subfield code="a">DLC</marc:subfield>
			<marc:subfield code="b">eng</marc:subfield>
			<marc:subfield code="c">DLC</marc:subfield>
			<marc:subfield code="d">BTCTA</marc:subfield>
			<marc:subfield code="d">OCLCO</marc:subfield>
			<marc:subfield code="d">BDX</marc:subfield>
			<marc:subfield code="d">YDXCP</marc:subfield>
			<marc:subfield code="d">BUL</marc:subfield>
			<marc:subfield code="d">ABG</marc:subfield>
			<marc:subfield code="d">BKX</marc:subfield>
			<marc:subfield code="d">JPL</marc:subfield>
			<marc:subfield code="d">BWX</marc:subfield>
			<marc:subfield code="d">HQC</marc:subfield>
			<marc:subfield code="d">CDX</marc:subfield>
			<marc:subfield code="d">VP@</marc:subfield>
		</marc:datafield>
		<marc:datafield tag="050" ind1="0" ind2="0">
			<marc:subfield code="a">PR1309.G5</marc:subfield>
			<marc:subfield code="b">B54 2012</marc:subfield>
		</marc:datafield>
		<marc:datafield tag="082" ind1="0" ind2="0">
			<marc:subfield code="a">823/.0873308</marc:subfield>
			<marc:subfield code="2">23</marc:subfield>
		</marc:datafield>
		<marc:datafield tag="090" ind1=" " ind2=" ">
			<marc:subfield code="a">SCIENCE FICTION BIG</marc:subfield>
			<marc:subfield code="e">ME</marc:subfield>
		</marc:datafield>
		<marc:datafield tag="100" ind1="1" ind2=" ">
			<marc:subfield code="a">Penzler, Otto</marc:subfield>
			<marc:subfield code="e">editor</marc:subfield>
			<marc:subfield code="e">writer of added commentary</marc:subfield>
			<marc:subfield code="4">edt</marc:subfield>
			<marc:subfield code="4">wac</marc:subfield>
			<marc:subfield code="1">http://viaf.org/viaf/99150040</marc:subfield>
		</marc:datafield>
		<marc:datafield tag="240" ind1=" " ind2=" ">
			<marc:subfield code="a">The Big Book of Ghost Stories</marc:subfield>
			<marc:subfield code="1">http://www.isfdb.org/cgi-bin/pl.cgi?393422</marc:subfield>
		</marc:datafield>
		<marc:datafield tag="245" ind1="0" ind2="4">
			<marc:subfield code="a">The big book of ghost stories /</marc:subfield>
			<marc:subfield code="c">edited and with an introduction by Otto Penzler.</marc:subfield>
		</marc:datafield>
		<marc:datafield tag="260" ind1=" " ind2=" ">
			<marc:subfield code="a">New York :</marc:subfield>
			<marc:subfield code="b">Vintage Crime/Black Lizard/Vintage Books,</marc:subfield>
			<marc:subfield code="c">2012.</marc:subfield>
		</marc:datafield>
		<marc:datafield tag="300" ind1=" " ind2=" ">
			<marc:subfield code="a">xii, 833 pages</marc:subfield>
			<marc:subfield code="c">24 cm.</marc:subfield>
		</marc:datafield>
		<marc:datafield tag="336" ind1=" " ind2=" ">
			<marc:subfield code="a">text</marc:subfield>
			<marc:subfield code="b">txt</marc:subfield>
			<marc:subfield code="2">rdacontent</marc:subfield>
			<marc:subfield code="0">http://id.loc.gov/vocabulary/contentTypes/txt</marc:subfield>
		</marc:datafield>
		<marc:datafield tag="337" ind1=" " ind2=" ">
			<marc:subfield code="a">unmediated</marc:subfield>
			<marc:subfield code="b">n</marc:subfield>
			<marc:subfield code="2">rdamedia</marc:subfield>
			<marc:subfield code="0">http://id.loc.gov/vocabulary/mediaTypes/n</marc:subfield>
		</marc:datafield>
		<marc:datafield tag="338" ind1=" " ind2=" ">
			<marc:subfield code="a">volume</marc:subfield>
			<marc:subfield code="b">nc</marc:subfield>
			<marc:subfield code="2">rdacarrier</marc:subfield>
			<marc:subfield code="0">http://id.loc.gov/vocabulary/carriers/nc</marc:subfield>
		</marc:datafield>
		<marc:datafield tag="380" ind1=" " ind2=" ">
			<marc:subfield code="a">Short story</marc:subfield>
		</marc:datafield>
		<marc:datafield tag="490" ind1="1" ind2=" ">
			<marc:subfield code="a">A Vintage crime/Black Lizard original</marc:subfield>
		</marc:datafield>
		<marc:datafield tag="505" ind1="0" ind2="0">
			<marc:subfield code="g">But I'm not dead yet [theme]: --</marc:subfield>
			<marc:subfield code="t">Mr. Arcularis /</marc:subfield>
			<marc:subfield code="r">Conrad Aiken --</marc:subfield>
			<marc:subfield code="t">August heat /</marc:subfield>
			<marc:subfield code="r">William Fryer Harvey.</marc:subfield>
		</marc:datafield>
		<marc:datafield tag="505" ind1="0" ind2="0">
			<marc:subfield code="g">I'll love you - forever (or maybe not) [theme]: --</marc:subfield>
			<marc:subfield code="t">The shadowy third /</marc:subfield>
			<marc:subfield code="r">Ellen Glasgow --</marc:subfield>
			<marc:subfield code="t">The past /</marc:subfield>
			<marc:subfield code="r">Ellen Glasgow --</marc:subfield>
			<marc:subfield code="t">But at my back I always hear /</marc:subfield>
			<marc:subfield code="r">David Morrell --</marc:subfield>
			<marc:subfield code="t">The furnished room /</marc:subfield>
			<marc:subfield code="r">O. Henry --</marc:subfield>
			<marc:subfield code="t">Death's warm fireside /</marc:subfield>
			<marc:subfield code="r">Paul Ernst --</marc:subfield>
			<marc:subfield code="t">The advent reunion /</marc:subfield>
			<marc:subfield code="r">Andrew Klavan -</marc:subfield>
			<marc:subfield code="t">The return /</marc:subfield>
			<marc:subfield code="r">R. Murray Gilchrist --</marc:subfield>
			<marc:subfield code="t">The phantom rickshaw /</marc:subfield>
			<marc:subfield code="r">Rudyard Kipling --</marc:subfield>
			<marc:subfield code="t">The moonlit road /</marc:subfield>
			<marc:subfield code="r">Ambrose Bierce --</marc:subfield>
			<marc:subfield code="t">The story of Ming-Y /</marc:subfield>
			<marc:subfield code="r">Lafcadio Hearn --</marc:subfield>
			<marc:subfield code="t">Yuki-Onna /</marc:subfield>
			<marc:subfield code="r">Lafcadio Hearn.</marc:subfield>
		</marc:datafield>
		<marc:datafield tag="505" ind1="0" ind2="0">
			<marc:subfield code="g">This old house [theme]: --</marc:subfield>
			<marc:subfield code="t">Brickett Bottom /</marc:subfield>
			<marc:subfield code="r">Amyas Northcote --</marc:subfield>
			<marc:subfield code="t">How fear departed from the long gallery /</marc:subfield>
			<marc:subfield code="r">E. F. Benson --</marc:subfield>
			<marc:subfield code="t">Thing of darkness /</marc:subfield>
			<marc:subfield code="r">G. G. Pendarves --</marc:subfield>
			<marc:subfield code="t">The house of the nightmare /</marc:subfield>
			<marc:subfield code="r">Edward Lucas White --</marc:subfield>
			<marc:subfield code="t">The house in Half Moon Street /</marc:subfield>
			<marc:subfield code="r">Hector Bolitho --</marc:subfield>
			<marc:subfield code="t">A night of horror /</marc:subfield>
			<marc:subfield code="r">Dick Donovan --</marc:subfield>
			<marc:subfield code="t">The burned house /</marc:subfield>
			<marc:subfield code="r">Vincent O'Sullivan.</marc:subfield>
		</marc:datafield>
		<marc:datafield tag="505" ind1="0" ind2="0">
			<marc:subfield code="g">Kids will be kids [theme]: --</marc:subfield>
			<marc:subfield code="t">Harry /</marc:subfield>
			<marc:subfield code="r">Rosemary Timperley --</marc:subfield>
			<marc:subfield code="t">Make-believe /</marc:subfield>
			<marc:subfield code="r">Michael Reaves --</marc:subfield>
			<marc:subfield code="t">Playmates /</marc:subfield>
			<marc:subfield code="r">A. M. Burrage --</marc:subfield>
			<marc:subfield code="t">Just behind you /</marc:subfield>
			<marc:subfield code="r">Ramsey Campbell --</marc:subfield>
			<marc:subfield code="t">Adam and Eve and pinch me /</marc:subfield>
			<marc:subfield code="r">A. E. Coppard --</marc:subfield>
			<marc:subfield code="t">The lost boy of the Ozarks /</marc:subfield>
			<marc:subfield code="r">Steve Friedman.</marc:subfield>
		</marc:datafield>
		<marc:datafield tag="505" ind1="0" ind2="0">
			<marc:subfield code="g">There's something funny around here [theme]: --</marc:subfield>
			<marc:subfield code="t">A ghost's story /</marc:subfield>
			<marc:subfield code="r">Mark Twain --</marc:subfield>
			<marc:subfield code="t">In at the death /</marc:subfield>
			<marc:subfield code="r">Donald E. Westlake --</marc:subfield>
			<marc:subfield code="t">The ghost of Dr. Harris /</marc:subfield>
			<marc:subfield code="r">Nathaniel Hawthorne --</marc:subfield>
			<marc:subfield code="t">The everlasting club /</marc:subfield>
			<marc:subfield code="r">"Ingulphus" -- tLegal rites /</marc:subfield>
			<marc:subfield code="r">Isaac Asimov and /</marc:subfield>
			<marc:subfield code="r">James MacCreigh --</marc:subfield>
			<marc:subfield code="t">Death must die /</marc:subfield>
			<marc:subfield code="r">Albert E. Cowdrey --</marc:subfield>
			<marc:subfield code="t">The transferred ghost /</marc:subfield>
			<marc:subfield code="r">Frank Stockton --</marc:subfield>
			<marc:subfield code="t">The Canterville ghost /</marc:subfield>
			<marc:subfield code="r">Oscar Wilde.</marc:subfield>
		</marc:datafield>
		<marc:datafield tag="505" ind1="0" ind2="0">
			<marc:subfield code="g">A negative train of thought [theme]: --</marc:subfield>
			<marc:subfield code="t">Pacific 421 /</marc:subfield>
			<marc:subfield code="r">August Derleth --</marc:subfield>
			<marc:subfield code="t">The midnight El /</marc:subfield>
			<marc:subfield code="r">Robert Weinberg.</marc:subfield>
		</marc:datafield>
		<marc:datafield tag="505" ind1="0" ind2="0">
			<marc:subfield code="g">Stop-- you're scaring me [theme]: --</marc:subfield>
			<marc:subfield code="t">Punch and Judy /</marc:subfield>
			<marc:subfield code="r">Frederick Cowles --</marc:subfield>
			<marc:subfield code="t">The fireplace /</marc:subfield>
			<marc:subfield code="r">Henry S. Whitehead --</marc:subfield>
			<marc:subfield code="t">The night wire /</marc:subfield>
			<marc:subfield code="r">H. F. Arnold --</marc:subfield>
			<marc:subfield code="t">Smoke ghost /</marc:subfield>
			<marc:subfield code="r">Fritz Leiber --</marc:subfield>
			<marc:subfield code="t">Song of the dead /</marc:subfield>
			<marc:subfield code="r">Wyatt Blassingame.</marc:subfield>
		</marc:datafield>
		<marc:datafield tag="505" ind1="0" ind2="0">
			<marc:subfield code="g">I must be dreaming [theme]: --</marc:subfield>
			<marc:subfield code="t">The dream woman /</marc:subfield>
			<marc:subfield code="r">Wilkie Collins --</marc:subfield>
			<marc:subfield code="t">The adventure of the German student /</marc:subfield>
			<marc:subfield code="r">Washington Irving.</marc:subfield>
		</marc:datafield>
		<marc:datafield tag="505" ind1="0" ind2="0">
			<marc:subfield code="g">A séance, you say? [theme]: --</marc:subfield>
			<marc:subfield code="t">They found my grave /</marc:subfield>
			<marc:subfield code="r">Joseph Shearing --</marc:subfield>
			<marc:subfield code="t">Mrs. Morrel's last séance /</marc:subfield>
			<marc:subfield code="r">Edgar Jepson --</marc:subfield>
			<marc:subfield code="t">Night-side /</marc:subfield>
			<marc:subfield code="r">Joyce Carol Oates.</marc:subfield>
		</marc:datafield>
		<marc:datafield tag="505" ind1="0" ind2="0">
			<marc:subfield code="g">Classics [theme]: --</marc:subfield>
			<marc:subfield code="t">"Oh, whistle and I'll come to you my lad" /</marc:subfield>
			<marc:subfield code="r">M. R. James --</marc:subfield>
			<marc:subfield code="t">The monkey's paw /</marc:subfield>
			<marc:subfield code="r">W. W. Jacobs --</marc:subfield>
			<marc:subfield code="t">The toll-house /</marc:subfield>
			<marc:subfield code="r">W. W. Jacobs --</marc:subfield>
			<marc:subfield code="t">Afterward /</marc:subfield>
			<marc:subfield code="r">Edith Wharton --</marc:subfield>
			<marc:subfield code="t">Consequences /</marc:subfield>
			<marc:subfield code="r">Willa Cather --</marc:subfield>
			<marc:subfield code="t">The follower /</marc:subfield>
			<marc:subfield code="r">Cynthia Asquith --</marc:subfield>
			<marc:subfield code="t">The corner shop /</marc:subfield>
			<marc:subfield code="r">Cynthia Asquith --</marc:subfield>
			<marc:subfield code="t">The terrible old man /</marc:subfield>
			<marc:subfield code="r">H. P. Lovecraft --</marc:subfield>
			<marc:subfield code="t">The murderer's violin /</marc:subfield>
			<marc:subfield code="r">Erckmann-Chatrian --</marc:subfield>
			<marc:subfield code="t">The open window /</marc:subfield>
			<marc:subfield code="r">Saki --</marc:subfield>
			<marc:subfield code="t">Laura /</marc:subfield>
			<marc:subfield code="r">Saki --</marc:subfield>
			<marc:subfield code="t">What was it? /</marc:subfield>
			<marc:subfield code="r">Fitz-James O'Brien --</marc:subfield>
			<marc:subfield code="t">Full fathom five /</marc:subfield>
			<marc:subfield code="r">Alexander Woollcott --</marc:subfield>
			<marc:subfield code="t">He cometh and he passeth by /</marc:subfield>
			<marc:subfield code="r">H. R. Wakefield --</marc:subfield>
			<marc:subfield code="t">Thurnley Abbey /</marc:subfield>
			<marc:subfield code="r">Perceval Landon.</marc:subfield>
		</marc:datafield>
		<marc:datafield tag="505" ind1="0" ind2="0">
			<marc:subfield code="g">The female of the species [theme]: --</marc:subfield>
			<marc:subfield code="t">The woman's ghost story /</marc:subfield>
			<marc:subfield code="r">Algernon Blackwood --</marc:subfield>
			<marc:subfield code="t">The angel of the Marne /</marc:subfield>
			<marc:subfield code="r">Victor Rousseau --</marc:subfield>
			<marc:subfield code="t">The shell of sense /</marc:subfield>
			<marc:subfield code="r">Olivia Howard Dunbar --</marc:subfield>
			<marc:subfield code="t">The avenging of Ann Leete /</marc:subfield>
			<marc:subfield code="r">Marjorie Bowen.</marc:subfield>
		</marc:datafield>
		<marc:datafield tag="505" ind1="0" ind2="0">
			<marc:subfield code="g">Beaten to a pulp [theme]: --</marc:subfield>
			<marc:subfield code="t">The dead-wagon /</marc:subfield>
			<marc:subfield code="r">Greye LaSpina --</marc:subfield>
			<marc:subfield code="t">A soul with two bodies /</marc:subfield>
			<marc:subfield code="r">Urann Thayer --</marc:subfield>
			<marc:subfield code="t">The ghosts of Steamboat Coulee /</marc:subfield>
			<marc:subfield code="r">Arthur J. Burks --</marc:subfield>
			<marc:subfield code="t">The considerate hosts /</marc:subfield>
			<marc:subfield code="r">Thorp McClusky --</marc:subfield>
			<marc:subfield code="t">The fifth candle /</marc:subfield>
			<marc:subfield code="r">Cyril Mand --</marc:subfield>
			<marc:subfield code="t">The return of Andrew Bentley /</marc:subfield>
			<marc:subfield code="r">August Derleth and /</marc:subfield>
			<marc:subfield code="r">Mark Schorer --</marc:subfield>
			<marc:subfield code="t">The floor above /</marc:subfield>
			<marc:subfield code="r">M. L. Humphreys --</marc:subfield>
			<marc:subfield code="t">School for the unspeakable /</marc:subfield>
			<marc:subfield code="r">Manly Wade Wellman --</marc:subfield>
			<marc:subfield code="t">Mordecai's pipe /</marc:subfield>
			<marc:subfield code="r">A. V. Milyer --</marc:subfield>
			<marc:subfield code="t">He walked by day /</marc:subfield>
			<marc:subfield code="r">Julius Long --</marc:subfield>
			<marc:subfield code="t">Behind the screen /</marc:subfield>
			<marc:subfield code="r">Dale Clark.</marc:subfield>
		</marc:datafield>
		<marc:datafield tag="505" ind1="0" ind2="0">
			<marc:subfield code="g">Modern masters [theme]: --</marc:subfield>
			<marc:subfield code="t">Journey into the kingdom /</marc:subfield>
			<marc:subfield code="r">M. Rickert --</marc:subfield>
			<marc:subfield code="t">Mr. Saul /</marc:subfield>
			<marc:subfield code="r">H. R. F. Keating --</marc:subfield>
			<marc:subfield code="t">Coventry carol /</marc:subfield>
			<marc:subfield code="r">Chet Williamson.</marc:subfield>
		</marc:datafield>
		<marc:datafield tag="520" ind1=" " ind2=" ">
			<marc:subfield code="a">A collection of ghost stories by American and English authors. These spectral stories span more than a hundred years, from modern-day creations by Joyce Carol Oates and Chet Williamson, to pulp yarns from August Derleth and M.L. Humphreys, to the atmospheric Victorian tales of Kipling and Lovecraft, not to mention modern works by Donald E. Westlake and Isaac Asimov. Whether you prefer possessive poltergeists, awful apparitions, or friendly phantoms, these stories are guaranteed to thrill you, tingle the spine, or tickle the funny bone, and keep you turning the pages with fearful delight.</marc:subfield>
		</marc:datafield>
		<marc:datafield tag="650" ind1=" " ind2="4">
			<marc:subfield code="a">Anthologies</marc:subfield>
		</marc:datafield>
		<marc:datafield tag="650" ind1=" " ind2="4">
			<marc:subfield code="a">Horror tales</marc:subfield>
		</marc:datafield>
		<marc:datafield tag="650" ind1=" " ind2="4">
			<marc:subfield code="a">Ghost stories</marc:subfield>
		</marc:datafield>
		<marc:datafield tag="655" ind1=" " ind2="4">
			<marc:subfield code="a">Short stories</marc:subfield>
		</marc:datafield>
		<marc:datafield tag="655" ind1=" " ind2="4">
			<marc:subfield code="a">Fiction</marc:subfield>
		</marc:datafield>
		<marc:datafield tag="655" ind1=" " ind2="4">
			<marc:subfield code="a">Horror</marc:subfield>
		</marc:datafield>
		<marc:datafield tag="655" ind1=" " ind2="4">
			<marc:subfield code="a">Fantasy</marc:subfield>
		</marc:datafield>
		<marc:datafield tag="655" ind1=" " ind2="4">
			<marc:subfield code="a">Science fiction</marc:subfield>
		</marc:datafield>
		<marc:datafield tag="655" ind1=" " ind2="4">
			<marc:subfield code="a">Paranormal</marc:subfield>
		</marc:datafield>
		<marc:datafield tag="700" ind1="1" ind2=" ">
			<marc:subfield code="a">Lovecraft, H. P.</marc:subfield>
			<marc:subfield code="q">(Howard Phillips)</marc:subfield>
			<marc:subfield code="d">1890-1937</marc:subfield>
			<marc:subfield code="e">contributor</marc:subfield>
			<marc:subfield code="4">ctb</marc:subfield>
			<marc:subfield code="1">http://viaf.org/viaf/66470391</marc:subfield>
		</marc:datafield>
		<marc:datafield tag="700" ind1="1" ind2="2">
			<marc:subfield code="a">Lovecraft, H. P.</marc:subfield>
			<marc:subfield code="q">(Howard Phillips)</marc:subfield>
			<marc:subfield code="d">1890-1937</marc:subfield>
			<marc:subfield code="t">The Terrible Old Man</marc:subfield>
			<marc:subfield code="1">http://www.isfdb.org/cgi-bin/title.cgi?41877</marc:subfield>
		</marc:datafield>
		<marc:datafield tag="830" ind1=" " ind2="0">
			<marc:subfield code="a">Vintage crime/Black Lizard original.</marc:subfield>
			<marc:subfield code="0">http://id.loc.gov/authorities/names/no2007117284</marc:subfield>
		</marc:datafield>
	</marc:record>