
	<marc:record>
		<marc:leader>03054cam a2200373   4500</marc:leader>
		<marc:controlfield tag="008">121013s2012    oru            00 j eng d</marc:controlfield>
		<marc:datafield tag="035" ind1=" " ind2=" ">
			<marc:subfield code="a">(Sirsi) a2922081</marc:subfield>
		</marc:datafield>
		<marc:datafield tag="090" ind1=" " ind2=" ">
			<marc:subfield code="a">FICTION LOV</marc:subfield>
			<marc:subfield code="e">ME</marc:subfield>
		</marc:datafield>
		<marc:datafield tag="100" ind1="1" ind2=" ">
			<marc:subfield code="a">Lovecraft, H. P.</marc:subfield>
			<marc:subfield code="q">(Howard Phillips)</marc:subfield>
			<marc:subfield code="d">1890-1937</marc:subfield>
			<marc:subfield code="e">author</marc:subfield>
			<marc:subfield code="4">aut</marc:subfield>
			<marc:subfield code="1">http://viaf.org/viaf/66470391</marc:subfield>
		</marc:datafield>
		<marc:datafield tag="245" ind1="0" ind2="0">
			<marc:subfield code="a">Medusa's coil and others :</marc:subfield>
			<marc:subfield code="b">the annotated revisions and collaborations of H. P. Lovecraft,</marc:subfield>
			<marc:subfield code="n">Vol. 2 /</marc:subfield>
			<marc:subfield code="c">H. P. Lovecraft ; edited, with an introduction and notes by S. T. Joshi.</marc:subfield>
		</marc:datafield>
		<marc:datafield tag="246" ind1="3" ind2="0">
			<marc:subfield code="a">Annotated revisions and collaborations of H. P. Lovecraft,</marc:subfield>
			<marc:subfield code="n">Vol. 2</marc:subfield>
		</marc:datafield>
		<marc:datafield tag="260" ind1=" " ind2=" ">
			<marc:subfield code="a">Welches, Or. :</marc:subfield>
			<marc:subfield code="b">Arcane Wisdom,</marc:subfield>
			<marc:subfield code="c">2012.</marc:subfield>
		</marc:datafield>
		<marc:datafield tag="300" ind1=" " ind2=" ">
			<marc:subfield code="a">484 pages</marc:subfield>
			<marc:subfield code="c">23 cm.</marc:subfield>
		</marc:datafield>
		<marc:datafield tag="336" ind1=" " ind2=" ">
			<marc:subfield code="a">text</marc:subfield>
			<marc:subfield code="b">txt</marc:subfield>
			<marc:subfield code="2">rdacontent</marc:subfield>
			<marc:subfield code="0">http://id.loc.gov/vocabulary/contentTypes/txt</marc:subfield>
		</marc:datafield>
		<marc:datafield tag="337" ind1=" " ind2=" ">
			<marc:subfield code="a">unmediated</marc:subfield>
			<marc:subfield code="b">n</marc:subfield>
			<marc:subfield code="2">rdamedia</marc:subfield>
			<marc:subfield code="0">http://id.loc.gov/vocabulary/mediaTypes/n</marc:subfield>
		</marc:datafield>
		<marc:datafield tag="338" ind1=" " ind2=" ">
			<marc:subfield code="a">volume</marc:subfield>
			<marc:subfield code="b">nc</marc:subfield>
			<marc:subfield code="2">rdacarrier</marc:subfield>
			<marc:subfield code="0">http://id.loc.gov/vocabulary/carriers/nc</marc:subfield>
		</marc:datafield>
		<marc:datafield tag="380" ind1=" " ind2=" ">
			<marc:subfield code="a">Short story</marc:subfield>
		</marc:datafield>
		<marc:datafield tag="500" ind1=" " ind2=" ">
			<marc:subfield code="a">Cover art and illustration on signature sheet: Zach McCain.</marc:subfield>
		</marc:datafield>
		<marc:datafield tag="500" ind1=" " ind2=" ">
			<marc:subfield code="a">Merril copy: numbers 111 of 150 numbered copies inscribed by Joshi.</marc:subfield>
		</marc:datafield>
		<marc:datafield tag="505" ind1="0" ind2="0">
			<marc:subfield code="g">Introduction /</marc:subfield>
			<marc:subfield code="r">S. T. Joshi --</marc:subfield>
			<marc:subfield code="t">Medusa's coil /</marc:subfield>
			<marc:subfield code="r">(with Zealia Bishop) --</marc:subfield>
			<marc:subfield code="t">The trap /</marc:subfield>
			<marc:subfield code="r">(with Henry S. Whitehead) --</marc:subfield>
			<marc:subfield code="t">The man of stone /</marc:subfield>
			<marc:subfield code="r">(with Hazel Heald) --</marc:subfield>
			<marc:subfield code="t">Winged death /</marc:subfield>
			<marc:subfield code="r">(with Hazel Heald) --</marc:subfield>
			<marc:subfield code="t">The horror in the museum /</marc:subfield>
			<marc:subfield code="r">(with Hazel Heald) --</marc:subfield>
			<marc:subfield code="t">Out of the aeons /</marc:subfield>
			<marc:subfield code="r">(with Hazel Heald) --</marc:subfield>
			<marc:subfield code="t">The horror in the burying-ground /</marc:subfield>
			<marc:subfield code="r">(with Hazel Heald) --</marc:subfield>
			<marc:subfield code="t">The slaying of the monster /</marc:subfield>
			<marc:subfield code="r">with R. H. Barlow) --</marc:subfield>
			<marc:subfield code="t">The hoard of the wizard-beast /</marc:subfield>
			<marc:subfield code="r">(with R. H. Barlow) --</marc:subfield>
			<marc:subfield code="t">The tree on the hill /</marc:subfield>
			<marc:subfield code="r">(with Duane W. Rimel) --</marc:subfield>
			<marc:subfield code="t">The battle that ended the century /</marc:subfield>
			<marc:subfield code="r">(with R. H. Barlow) --</marc:subfield>
			<marc:subfield code="t">"Till a' the seas" /</marc:subfield>
			<marc:subfield code="r">(with R. H. Barlow) --</marc:subfield>
			<marc:subfield code="t">Collapsing cosmoses /</marc:subfield>
			<marc:subfield code="r">(with R. Barlow) --</marc:subfield>
			<marc:subfield code="t">The challenge from beyond /</marc:subfield>
			<marc:subfield code="r">(with C. L. Moore, A., /</marc:subfield>
			<marc:subfield code="r">Merritt, /</marc:subfield>
			<marc:subfield code="r">Robert E. Howard, and /</marc:subfield>
			<marc:subfield code="r">Frank Belknap Long) --</marc:subfield>
			<marc:subfield code="t">The disinterment /</marc:subfield>
			<marc:subfield code="r">(with Duane W. Rimel) --</marc:subfield>
			<marc:subfield code="t">The diary of Alonzo Typer /</marc:subfield>
			<marc:subfield code="r">(with William Lumley) --</marc:subfield>
			<marc:subfield code="t">In the walls of Eryx /</marc:subfield>
			<marc:subfield code="r">(with Kenneth Sterling) --</marc:subfield>
			<marc:subfield code="t">The night ocean /</marc:subfield>
			<marc:subfield code="r">(with R. H. Barlow).</marc:subfield>
		</marc:datafield>
		<marc:datafield tag="505" ind1="0" ind2="0">
			<marc:subfield code="g">Appendix --</marc:subfield>
			<marc:subfield code="g">Notes --</marc:subfield>
			<marc:subfield code="g">Notes to "Medusa's coil" --</marc:subfield>
			<marc:subfield code="g">Notes to "The challenge from beyond" --</marc:subfield>
			<marc:subfield code="t">The diary of Alonzo Typer /</marc:subfield>
			<marc:subfield code="r">William Lumley --</marc:subfield>
			<marc:subfield code="t">The sorcery of Aphlar /</marc:subfield>
			<marc:subfield code="r">(with Duane W. Rimel) --</marc:subfield>
			<marc:subfield code="g">Bibliography.</marc:subfield>
		</marc:datafield>
		<marc:datafield tag="650" ind1=" " ind2="4">
			<marc:subfield code="a">Horror tales, American</marc:subfield>
		</marc:datafield>
		<marc:datafield tag="650" ind1=" " ind2="4">
			<marc:subfield code="a">Cthulhu mythos</marc:subfield>
		</marc:datafield>
		<marc:datafield tag="655" ind1=" " ind2="4">
			<marc:subfield code="a">Short stories</marc:subfield>
		</marc:datafield>
		<marc:datafield tag="655" ind1=" " ind2="4">
			<marc:subfield code="a">Fiction</marc:subfield>
		</marc:datafield>
		<marc:datafield tag="655" ind1=" " ind2="4">
			<marc:subfield code="a">Horror</marc:subfield>
		</marc:datafield>
		<marc:datafield tag="655" ind1=" " ind2="4">
			<marc:subfield code="a">Fantasy</marc:subfield>
		</marc:datafield>
		<marc:datafield tag="655" ind1=" " ind2="4">
			<marc:subfield code="a">Science fiction</marc:subfield>
		</marc:datafield>
		<marc:datafield tag="655" ind1=" " ind2="4">
			<marc:subfield code="a">Paranormal</marc:subfield>
		</marc:datafield>
		<marc:datafield tag="700" ind1="1" ind2="2">
			<marc:subfield code="a">Lovecraft, H. P.</marc:subfield>
			<marc:subfield code="q">(Howard Phillips)</marc:subfield>
			<marc:subfield code="d">1890-1937</marc:subfield>
			<marc:subfield code="t">Medusa's coil</marc:subfield>
			<marc:subfield code="1">http://viaf.org/viaf/84144898513650290038</marc:subfield>
		</marc:datafield>
		<marc:datafield tag="700" ind1="1" ind2="2">
			<marc:subfield code="a">Lovecraft, H. P.</marc:subfield>
			<marc:subfield code="q">(Howard Phillips)</marc:subfield>
			<marc:subfield code="d">1890-1937</marc:subfield>
			<marc:subfield code="t">Winged Death</marc:subfield>
			<marc:subfield code="1">http://viaf.org/viaf/807144783128551055682</marc:subfield>
		</marc:datafield>
		<marc:datafield tag="700" ind1="1" ind2="2">
			<marc:subfield code="a">Lovecraft, H. P.</marc:subfield>
			<marc:subfield code="q">(Howard Phillips)</marc:subfield>
			<marc:subfield code="d">1890-1937</marc:subfield>
			<marc:subfield code="t">In the Walls of Eryx</marc:subfield>
			<marc:subfield code="1">http://www.isfdb.org/cgi-bin/title.cgi?73121</marc:subfield>
		</marc:datafield>
		<marc:datafield tag="700" ind1="1" ind2=" ">
			<marc:subfield code="a">Joshi, S. T.</marc:subfield>
			<marc:subfield code="d">1958-</marc:subfield>
			<marc:subfield code="e">editor</marc:subfield>
			<marc:subfield code="4">edt</marc:subfield>
			<marc:subfield code="1">http://viaf.org/viaf/34508371</marc:subfield>
		</marc:datafield>
		<marc:datafield tag="700" ind1="1" ind2=" ">
			<marc:subfield code="a">McCain, Zach</marc:subfield>
			<marc:subfield code="e">illustrator</marc:subfield>
			<marc:subfield code="e">cover designer</marc:subfield>
			<marc:subfield code="4">ill</marc:subfield>
			<marc:subfield code="4">cov</marc:subfield>
			<marc:subfield code="1">http://www.isfdb.org/cgi-bin/ea.cgi?141195</marc:subfield>
		</marc:datafield>
	</marc:record>