
	<marc:record>
		<marc:leader>04037cam a2200469Ia 4500</marc:leader>
		<marc:controlfield tag="001">ocn775792568</marc:controlfield>
		<marc:controlfield tag="003">OCoLC</marc:controlfield>
		<marc:controlfield tag="005">20120825110049.0</marc:controlfield>
		<marc:controlfield tag="008">120210s2011    mdu           000 j eng d</marc:controlfield>
		<marc:datafield tag="020" ind1=" " ind2=" ">
			<marc:subfield code="a">9781587670800</marc:subfield>
		</marc:datafield>
		<marc:datafield tag="020" ind1=" " ind2=" ">
			<marc:subfield code="a">1587670801</marc:subfield>
		</marc:datafield>
		<marc:datafield tag="035" ind1=" " ind2=" ">
			<marc:subfield code="a">(Sirsi) a2907713</marc:subfield>
		</marc:datafield>
		<marc:datafield tag="035" ind1=" " ind2=" ">
			<marc:subfield code="a">(OCoLC)775792568</marc:subfield>
		</marc:datafield>
		<marc:datafield tag="040" ind1=" " ind2=" ">
			<marc:subfield code="a">MR0</marc:subfield>
			<marc:subfield code="c">MR0</marc:subfield>
			<marc:subfield code="d">ORX</marc:subfield>
			<marc:subfield code="d">BDX</marc:subfield>
			<marc:subfield code="d">VP@</marc:subfield>
			<marc:subfield code="d">YDXCP</marc:subfield>
		</marc:datafield>
		<marc:datafield tag="090" ind1=" " ind2=" ">
			<marc:subfield code="a">FICTION CEN</marc:subfield>
			<marc:subfield code="e">ME</marc:subfield>
		</marc:datafield>
		<marc:datafield tag="100" ind1="1" ind2=" ">
			<marc:subfield code="a">Pelan, John</marc:subfield>
			<marc:subfield code="e">editor</marc:subfield>
			<marc:subfield code="4">edt</marc:subfield>
			<marc:subfield code="1">http://viaf.org/viaf/75083355</marc:subfield>
		</marc:datafield>
		<marc:datafield tag="240" ind1=" " ind2=" ">
			<marc:subfield code="a">The Century's Best Horror Fiction 1901-1950</marc:subfield>
			<marc:subfield code="1">http://www.isfdb.org/cgi-bin/pl.cgi?66875</marc:subfield>
		</marc:datafield>
		<marc:datafield tag="245" ind1="0" ind2="4">
			<marc:subfield code="a">The century's best horror fiction.</marc:subfield>
			<marc:subfield code="n">Volume one,</marc:subfield>
			<marc:subfield code="p">1901-1950 /</marc:subfield>
			<marc:subfield code="c">edited by John Pelan.</marc:subfield>
		</marc:datafield>
		<marc:datafield tag="260" ind1=" " ind2=" ">
			<marc:subfield code="a">Baltimore :</marc:subfield>
			<marc:subfield code="b">Cemetery Dance,</marc:subfield>
			<marc:subfield code="c">2011</marc:subfield>
		</marc:datafield>
		<marc:datafield tag="300" ind1=" " ind2=" ">
			<marc:subfield code="a">706 pages</marc:subfield>
			<marc:subfield code="c">26 cm.</marc:subfield>
		</marc:datafield>
		<marc:datafield tag="336" ind1=" " ind2=" ">
			<marc:subfield code="a">text</marc:subfield>
			<marc:subfield code="b">txt</marc:subfield>
			<marc:subfield code="2">rdacontent</marc:subfield>
			<marc:subfield code="0">http://id.loc.gov/vocabulary/contentTypes/txt</marc:subfield>
		</marc:datafield>
		<marc:datafield tag="337" ind1=" " ind2=" ">
			<marc:subfield code="a">unmediated</marc:subfield>
			<marc:subfield code="b">n</marc:subfield>
			<marc:subfield code="2">rdamedia</marc:subfield>
			<marc:subfield code="0">http://id.loc.gov/vocabulary/mediaTypes/n</marc:subfield>
		</marc:datafield>
		<marc:datafield tag="338" ind1=" " ind2=" ">
			<marc:subfield code="a">volume</marc:subfield>
			<marc:subfield code="b">nc</marc:subfield>
			<marc:subfield code="2">rdacarrier</marc:subfield>
			<marc:subfield code="0">http://id.loc.gov/vocabulary/carriers/nc</marc:subfield>
		</marc:datafield>
		<marc:datafield tag="380" ind1=" " ind2=" ">
			<marc:subfield code="a">Short story</marc:subfield>
		</marc:datafield>
		<marc:datafield tag="500" ind1=" " ind2=" ">
			<marc:subfield code="a">Cover art: Alan M. Clark.</marc:subfield>
		</marc:datafield>
		<marc:datafield tag="500" ind1=" " ind2=" ">
			<marc:subfield code="a">Includes one story for each year, 1901-1950.</marc:subfield>
		</marc:datafield>
		<marc:datafield tag="505" ind1="0" ind2="0">
			<marc:subfield code="t">One hundred years of horror [introduction] /</marc:subfield>
			<marc:subfield code="r">John Pelan --</marc:subfield>
			<marc:subfield code="t">The undying thing /</marc:subfield>
			<marc:subfield code="r">Barry Pain --</marc:subfield>
			<marc:subfield code="t">The monkey's paw /</marc:subfield>
			<marc:subfield code="r">W. W. Jacobs --</marc:subfield>
			<marc:subfield code="t">The valley of spiders /</marc:subfield>
			<marc:subfield code="r">H. G. Wells --</marc:subfield>
			<marc:subfield code="t">The white people /</marc:subfield>
			<marc:subfield code="r">Arthur Machen --</marc:subfield>
			<marc:subfield code="t">The lover's ordeal /</marc:subfield>
			<marc:subfield code="r">R. Murray Gilchrist --</marc:subfield>
			<marc:subfield code="t">The house of the nightmare /</marc:subfield>
			<marc:subfield code="r">Edward Lucas White --</marc:subfield>
			<marc:subfield code="t">The willows /</marc:subfield>
			<marc:subfield code="r">Algernon Blackwood --</marc:subfield>
			<marc:subfield code="t">Thurnley Abbey /</marc:subfield>
			<marc:subfield code="r">Perceval Landon --</marc:subfield>
			<marc:subfield code="t">The coach /</marc:subfield>
			<marc:subfield code="r">Violet Hunt --</marc:subfield>
			<marc:subfield code="t">The whistling room /</marc:subfield>
			<marc:subfield code="r">William Hope Hodgson --</marc:subfield>
			<marc:subfield code="t">Casting the runes /</marc:subfield>
			<marc:subfield code="r">M. R. [Montague Rhodes] James --</marc:subfield>
			<marc:subfield code="t">Caterpillars /</marc:subfield>
			<marc:subfield code="r">E. F. Benson --</marc:subfield>
			<marc:subfield code="t">The testament of Magdalen Blair /</marc:subfield>
			<marc:subfield code="r">Aleister Crowley.</marc:subfield>
		</marc:datafield>
		<marc:datafield tag="505" ind1="0" ind2="0">
			<marc:subfield code="t">The place of pain /</marc:subfield>
			<marc:subfield code="r">M. P. Shiel --</marc:subfield>
			<marc:subfield code="t">The spider /</marc:subfield>
			<marc:subfield code="r">Hanns Heinz Ewers --</marc:subfield>
			<marc:subfield code="t">Thirteen at table /</marc:subfield>
			<marc:subfield code="r">Lord Dunsany --</marc:subfield>
			<marc:subfield code="t">The black pool /</marc:subfield>
			<marc:subfield code="r">Frederick Stuart Greene --</marc:subfield>
			<marc:subfield code="t">The middle bedroom /</marc:subfield>
			<marc:subfield code="r">H. de Vere Stacpoole --</marc:subfield>
			<marc:subfield code="t">The sumach /</marc:subfield>
			<marc:subfield code="r">Ulric Daubeny --</marc:subfield>
			<marc:subfield code="t">In the light of the red lamp /</marc:subfield>
			<marc:subfield code="r">Maurice Level --</marc:subfield>
			<marc:subfield code="t">Master of fallen years /</marc:subfield>
			<marc:subfield code="r">Vincent O'Sullivan --</marc:subfield>
			<marc:subfield code="t">Seaton's aunt --</marc:subfield>
			<marc:subfield code="r">Walter de la Mare --</marc:subfield>
			<marc:subfield code="t">The thing from "Outside" /</marc:subfield>
			<marc:subfield code="r">George Allan England --</marc:subfield>
			<marc:subfield code="t">The loved dead /</marc:subfield>
			<marc:subfield code="r">C. M. Eddy, Jr. --</marc:subfield>
			<marc:subfield code="t">The smoking leg /</marc:subfield>
			<marc:subfield code="r">John Metcalf --</marc:subfield>
			<marc:subfield code="t">The outsider /</marc:subfield>
			<marc:subfield code="r">H. P. Lovecraft --</marc:subfield>
			<marc:subfield code="t">The red brain /</marc:subfield>
			<marc:subfield code="r">Donald Wandrei --</marc:subfield>
			<marc:subfield code="t">The red lodge /</marc:subfield>
			<marc:subfield code="r">H. Russell Wakefield.</marc:subfield>
		</marc:datafield>
		<marc:datafield tag="505" ind1="0" ind2="0">
			<marc:subfield code="t">Celui-lá /</marc:subfield>
			<marc:subfield code="r">Eleanor Scott --</marc:subfield>
			<marc:subfield code="t">The spirit of Stonehenge /</marc:subfield>
			<marc:subfield code="r">Rosalie Muspratt --</marc:subfield>
			<marc:subfield code="t">Cassius /</marc:subfield>
			<marc:subfield code="r">Henry S. Whitehead --</marc:subfield>
			<marc:subfield code="t">The thing in the cellar /</marc:subfield>
			<marc:subfield code="r">David H. Keller --</marc:subfield>
			<marc:subfield code="t">Shambleau /</marc:subfield>
			<marc:subfield code="r">C. L. [Catherine Lucile] Moore --</marc:subfield>
			<marc:subfield code="t">The tower of Moab /</marc:subfield>
			<marc:subfield code="r">L. A. Lewis --</marc:subfield>
			<marc:subfield code="t">The dark eidolon /</marc:subfield>
			<marc:subfield code="r">Clark Ashton Smith --</marc:subfield>
			<marc:subfield code="t">The crawling horror /</marc:subfield>
			<marc:subfield code="r">Thorp McClusky --</marc:subfield>
			<marc:subfield code="t">The eerie Mr. Murphy /</marc:subfield>
			<marc:subfield code="r">Howard Wandrei --</marc:subfield>
			<marc:subfield code="t">Pigeons from Hell /</marc:subfield>
			<marc:subfield code="r">Robert E. [Ervin] Howard --</marc:subfield>
			<marc:subfield code="t">Far below /</marc:subfield>
			<marc:subfield code="r">Robert Barbour Johnson --</marc:subfield>
			<marc:subfield code="t">Evening primrose /</marc:subfield>
			<marc:subfield code="r">John Collier --</marc:subfield>
			<marc:subfield code="t">The words of Guru /</marc:subfield>
			<marc:subfield code="r">C. [Cyril] M. Kornbluth --</marc:subfield>
			<marc:subfield code="t">The idol of the flies /</marc:subfield>
			<marc:subfield code="r">Jane Rice --</marc:subfield>
			<marc:subfield code="t">They bite /</marc:subfield>
			<marc:subfield code="r">Anthony Boucher.</marc:subfield>
		</marc:datafield>
		<marc:datafield tag="505" ind1="0" ind2="0">
			<marc:subfield code="t">The jar /</marc:subfield>
			<marc:subfield code="r">Ray Bradbury --</marc:subfield>
			<marc:subfield code="t">Carousel /</marc:subfield>
			<marc:subfield code="r">August Derleth --</marc:subfield>
			<marc:subfield code="t">Shonokin Town /</marc:subfield>
			<marc:subfield code="r">Manly Wade Wellman --</marc:subfield>
			<marc:subfield code="t">Bianca's hands /</marc:subfield>
			<marc:subfield code="r">Theodore Sturgeon --</marc:subfield>
			<marc:subfield code="t">The lottery /</marc:subfield>
			<marc:subfield code="r">Shirley Jackson --</marc:subfield>
			<marc:subfield code="t">The pond /</marc:subfield>
			<marc:subfield code="r">Nigel Kneale --</marc:subfield>
			<marc:subfield code="t">Born of man and woman /</marc:subfield>
			<marc:subfield code="r">Richard Matheson.</marc:subfield>
		</marc:datafield>
		<marc:datafield tag="520" ind1=" " ind2=" ">
			<marc:subfield code="a">A selection of horror stories of the first half of the 20th century as determined by author and horror genre historian John Pelan, based on the criteria: the most notable story published that year and only one story per author.</marc:subfield>
		</marc:datafield>
		<marc:datafield tag="650" ind1=" " ind2="4">
			<marc:subfield code="a">Horror tales, American</marc:subfield>
		</marc:datafield>
		<marc:datafield tag="650" ind1=" " ind2="4">
			<marc:subfield code="a">Anthologies</marc:subfield>
		</marc:datafield>
		<marc:datafield tag="655" ind1=" " ind2="4">
			<marc:subfield code="a">Short stories</marc:subfield>
		</marc:datafield>
		<marc:datafield tag="655" ind1=" " ind2="4">
			<marc:subfield code="a">Fiction</marc:subfield>
		</marc:datafield>
		<marc:datafield tag="655" ind1=" " ind2="4">
			<marc:subfield code="a">Horror</marc:subfield>
		</marc:datafield>
		<marc:datafield tag="655" ind1=" " ind2="4">
			<marc:subfield code="a">Fantasy</marc:subfield>
		</marc:datafield>
		<marc:datafield tag="655" ind1=" " ind2="4">
			<marc:subfield code="a">Science fiction</marc:subfield>
		</marc:datafield>
		<marc:datafield tag="655" ind1=" " ind2="4">
			<marc:subfield code="a">Paranormal</marc:subfield>
		</marc:datafield>
		<marc:datafield tag="700" ind1="1" ind2="2">
			<marc:subfield code="a">Lovecraft, H. P.</marc:subfield>
			<marc:subfield code="q">(Howard Phillips)</marc:subfield>
			<marc:subfield code="d">1890-1937</marc:subfield>
			<marc:subfield code="e">contributor</marc:subfield>
			<marc:subfield code="4">ctb</marc:subfield>
			<marc:subfield code="1">http://viaf.org/viaf/66470391</marc:subfield>
		</marc:datafield>
		<marc:datafield tag="700" ind1="1" ind2="2">
			<marc:subfield code="a">Lovecraft, H. P.</marc:subfield>
			<marc:subfield code="q">(Howard Phillips)</marc:subfield>
			<marc:subfield code="d">1890-1937</marc:subfield>
			<marc:subfield code="t">The Outsider</marc:subfield>
			<marc:subfield code="1">http://www.isfdb.org/cgi-bin/title.cgi?41883</marc:subfield>
		</marc:datafield>
		<marc:datafield tag="700" ind1="1" ind2=" ">
			<marc:subfield code="a">Clark, Alan</marc:subfield>
			<marc:subfield code="q">(Alan M.)</marc:subfield>
			<marc:subfield code="e">cover designer</marc:subfield>
			<marc:subfield code="e">cov</marc:subfield>
			<marc:subfield code="1">http://viaf.org/viaf/9006255</marc:subfield>
		</marc:datafield>
	</marc:record>