
	<marc:record>
		<marc:leader>03042cam a2200433Ka 4500</marc:leader>
		<marc:controlfield tag="001">ocn798575291</marc:controlfield>
		<marc:controlfield tag="003">OCoLC</marc:controlfield>
		<marc:controlfield tag="005">20120712112232.0</marc:controlfield>
		<marc:controlfield tag="008">120709s2011    nyu           000 j eng  </marc:controlfield>
		<marc:datafield tag="020" ind1=" " ind2=" ">
			<marc:subfield code="a">9780982181881</marc:subfield>
		</marc:datafield>
		<marc:datafield tag="020" ind1=" " ind2=" ">
			<marc:subfield code="a">0982181884</marc:subfield>
		</marc:datafield>
		<marc:datafield tag="035" ind1=" " ind2=" ">
			<marc:subfield code="a">(Sirsi) a2889990</marc:subfield>
		</marc:datafield>
		<marc:datafield tag="035" ind1=" " ind2=" ">
			<marc:subfield code="a">(OCoLC)798575291</marc:subfield>
		</marc:datafield>
		<marc:datafield tag="040" ind1=" " ind2=" ">
			<marc:subfield code="a">NOG</marc:subfield>
			<marc:subfield code="c">NOG</marc:subfield>
		</marc:datafield>
		<marc:datafield tag="090" ind1=" " ind2=" ">
			<marc:subfield code="a">FICTION HOR</marc:subfield>
			<marc:subfield code="e">ME</marc:subfield>
		</marc:datafield>
		<marc:datafield tag="100" ind1="1" ind2=" ">
			<marc:subfield code="a">Aniolowski, Scott David</marc:subfield>
			<marc:subfield code="e">editor</marc:subfield>
			<marc:subfield code="4">edt</marc:subfield>
			<marc:subfield code="1">http://viaf.org/viaf/23870819</marc:subfield>
		</marc:datafield>
		<marc:datafield tag="240" ind1=" " ind2=" ">
			<marc:subfield code="a">Horror for the Holidays</marc:subfield>
			<marc:subfield code="1">http://www.isfdb.org/cgi-bin/pl.cgi?676855</marc:subfield>
		</marc:datafield>
		<marc:datafield tag="245" ind1="0" ind2="0">
			<marc:subfield code="a">Horror for the holidays /</marc:subfield>
			<marc:subfield code="c">selected and edited by Scott David Aniolowski.</marc:subfield>
		</marc:datafield>
		<marc:datafield tag="260" ind1=" " ind2=" ">
			<marc:subfield code="a">Lakeland, FL :</marc:subfield>
			<marc:subfield code="b">Miskatonic River Press,</marc:subfield>
			<marc:subfield code="c">2011.</marc:subfield>
		</marc:datafield>
		<marc:datafield tag="300" ind1=" " ind2=" ">
			<marc:subfield code="a">284 pages</marc:subfield>
			<marc:subfield code="c">22 cm.</marc:subfield>
		</marc:datafield>
		<marc:datafield tag="336" ind1=" " ind2=" ">
			<marc:subfield code="a">text</marc:subfield>
			<marc:subfield code="b">txt</marc:subfield>
			<marc:subfield code="2">rdacontent</marc:subfield>
			<marc:subfield code="0">http://id.loc.gov/vocabulary/contentTypes/txt</marc:subfield>
		</marc:datafield>
		<marc:datafield tag="337" ind1=" " ind2=" ">
			<marc:subfield code="a">unmediated</marc:subfield>
			<marc:subfield code="b">n</marc:subfield>
			<marc:subfield code="2">rdamedia</marc:subfield>
			<marc:subfield code="0">http://id.loc.gov/vocabulary/mediaTypes/n</marc:subfield>
		</marc:datafield>
		<marc:datafield tag="338" ind1=" " ind2=" ">
			<marc:subfield code="a">volume</marc:subfield>
			<marc:subfield code="b">nc</marc:subfield>
			<marc:subfield code="2">rdacarrier</marc:subfield>
			<marc:subfield code="0">http://id.loc.gov/vocabulary/carriers/nc</marc:subfield>
		</marc:datafield>
		<marc:datafield tag="380" ind1=" " ind2=" ">
			<marc:subfield code="a">Short story</marc:subfield>
		</marc:datafield>
		<marc:datafield tag="500" ind1=" " ind2=" ">
			<marc:subfield code="a">Cover art: "A Krampus in my stylus" by Jeff Johnson.</marc:subfield>
		</marc:datafield>
		<marc:datafield tag="500" ind1=" " ind2=" ">
			<marc:subfield code="a">"Dark literary gifts from Ramsey Campbell, Thomas Ligotti and H.P. Lovecraft, with new fiction from Cody Goodfellow, Lois H. Gresh, Robert M. Price, W.H. Pugmire, Joseph S. Pulver, Sr. and more."--cover.</marc:subfield>
		</marc:datafield>
		<marc:datafield tag="505" ind1="0" ind2="0">
			<marc:subfield code="t">The tomb of Oscar Wilde /</marc:subfield>
			<marc:subfield code="r">W.H. Pugmire --</marc:subfield>
			<marc:subfield code="t">Love and darkness /</marc:subfield>
			<marc:subfield code="r">Oscar Rios --</marc:subfield>
			<marc:subfield code="t">Be mine /</marc:subfield>
			<marc:subfield code="r">Brian Sammons --</marc:subfield>
			<marc:subfield code="t">Cthulhu Mhy'os /</marc:subfield>
			<marc:subfield code="r">Lois H. Gresh --</marc:subfield>
			<marc:subfield code="t">And the angels sing /</marc:subfield>
			<marc:subfield code="r">Cody Goodfellow --</marc:subfield>
			<marc:subfield code="t">The last Communion of Allyn Hill /</marc:subfield>
			<marc:subfield code="r">Pete Rawlik --</marc:subfield>
			<marc:subfield code="t">Mrs. Spriggs' Easter attire /</marc:subfield>
			<marc:subfield code="r">Joseph S. Pulver Sr. and /</marc:subfield>
			<marc:subfield code="r">Tara VanFlower --</marc:subfield>
			<marc:subfield code="t">Season of sacrifice and Resurrection /</marc:subfield>
			<marc:subfield code="r">Adrian Tchaikovsky --</marc:subfield>
			<marc:subfield code="t">Mother's Night /</marc:subfield>
			<marc:subfield code="r">Ann K. Schwader --</marc:subfield>
			<marc:subfield code="t">Free fireworks /</marc:subfield>
			<marc:subfield code="r">T.E. Grau --</marc:subfield>
			<marc:subfield code="t">Doc Corman's Haunted Palace one Fourth of July /</marc:subfield>
			<marc:subfield code="r">Don Webb --</marc:subfield>
			<marc:subfield code="t">Translator /</marc:subfield>
			<marc:subfield code="r">James Robert Smith --</marc:subfield>
			<marc:subfield code="t">Hallowe'en in a suburb /</marc:subfield>
			<marc:subfield code="r">H.P. Lovecraft -</marc:subfield>
			<marc:subfield code="t">The Hindmarsh abomination--or--Moonday /</marc:subfield>
			<marc:subfield code="r">Will Murray --</marc:subfield>
			<marc:subfield code="t">The trick /</marc:subfield>
			<marc:subfield code="r">Ramsey Campbell --</marc:subfield>
			<marc:subfield code="t">El Dia de Los Muertos /</marc:subfield>
			<marc:subfield code="g">Kevin Ross --</marc:subfield>
			<marc:subfield code="t">Treason and plot /</marc:subfield>
			<marc:subfield code="r">William Meikle --</marc:subfield>
			<marc:subfield code="t">The dreaming dead /</marc:subfield>
			<marc:subfield code="r">Joshua Reynolds --</marc:subfield>
			<marc:subfield code="t">Entrée /</marc:subfield>
			<marc:subfield code="r">Donald R. Burleson --</marc:subfield>
			<marc:subfield code="t">Keeping festival /</marc:subfield>
			<marc:subfield code="r">Mollie Burleson --</marc:subfield>
			<marc:subfield code="t">Wassail /</marc:subfield>
			<marc:subfield code="r">Tom Lynch --</marc:subfield>
			<marc:subfield code="t">Krampusnacht /</marc:subfield>
			<marc:subfield code="r">Joshua Reynolds --</marc:subfield>
			<marc:subfield code="t">The Christmas Eves of Aunt Elise: A tale of possession in Old Grosse Pointe /</marc:subfield>
			<marc:subfield code="r">Thomas Ligotti --</marc:subfield>
			<marc:subfield code="t">Letters to Santa /</marc:subfield>
			<marc:subfield code="r">Scott David Aniolowski --</marc:subfield>
			<marc:subfield code="t">Keeping Christmas /</marc:subfield>
			<marc:subfield code="r">Michael G. Szymanski --</marc:subfield>
			<marc:subfield code="t">The Nativity of the avatar /</marc:subfield>
			<marc:subfield code="r">Robert M. Price.</marc:subfield>
		</marc:datafield>
		<marc:datafield tag="650" ind1=" " ind2="4">
			<marc:subfield code="a">Horror tales, American</marc:subfield>
		</marc:datafield>
		<marc:datafield tag="650" ind1=" " ind2="4">
			<marc:subfield code="a">Anthologies</marc:subfield>
		</marc:datafield>
		<marc:datafield tag="650" ind1=" " ind2="4">
			<marc:subfield code="a">Holidays</marc:subfield>
		</marc:datafield>
		<marc:datafield tag="655" ind1=" " ind2="4">
			<marc:subfield code="a">Short stories</marc:subfield>
		</marc:datafield>
		<marc:datafield tag="655" ind1=" " ind2="4">
			<marc:subfield code="a">Fiction</marc:subfield>
		</marc:datafield>
		<marc:datafield tag="655" ind1=" " ind2="4">
			<marc:subfield code="a">Horror</marc:subfield>
		</marc:datafield>
		<marc:datafield tag="655" ind1=" " ind2="4">
			<marc:subfield code="a">Fantasy</marc:subfield>
		</marc:datafield>
		<marc:datafield tag="655" ind1=" " ind2="4">
			<marc:subfield code="a">Science fiction</marc:subfield>
		</marc:datafield>
		<marc:datafield tag="655" ind1=" " ind2="4">
			<marc:subfield code="a">Paranormal</marc:subfield>
		</marc:datafield>
		<marc:datafield tag="700" ind1="1" ind2=" ">
			<marc:subfield code="a">Lovecraft, H. P.</marc:subfield>
			<marc:subfield code="q">(Howard Phillips)</marc:subfield>
			<marc:subfield code="d">1890-1937</marc:subfield>
			<marc:subfield code="e">contributor</marc:subfield>
			<marc:subfield code="4">ctb</marc:subfield>
			<marc:subfield code="1">http://viaf.org/viaf/66470391</marc:subfield>
		</marc:datafield>
		<marc:datafield tag="700" ind1="1" ind2="2">
			<marc:subfield code="a">Lovecraft, H. P.</marc:subfield>
			<marc:subfield code="q">(Howard Phillips)</marc:subfield>
			<marc:subfield code="d">1890-1937</marc:subfield>
			<marc:subfield code="t">Hallowe'en in a suburb</marc:subfield>
			<marc:subfield code="1">http://www.isfdb.org/cgi-bin/title.cgi?108997</marc:subfield>
		</marc:datafield>
		<marc:datafield tag="700" ind1="1" ind2=" ">
			<marc:subfield code="a">Johnson, Jeff,</marc:subfield>
			<marc:subfield code="e">cover designer</marc:subfield>
			<marc:subfield code="e">cov</marc:subfield>
			<marc:subfield code="1">http://www.isfdb.org/cgi-bin/ea.cgi?110574</marc:subfield>
		</marc:datafield>
	</marc:record>