
	<marc:record>
		<marc:leader>02648cam a2200397   4500</marc:leader>
		<marc:controlfield tag="008">120112s2011    oru       b    00 j eng d</marc:controlfield>
		<marc:datafield tag="035" ind1=" " ind2=" ">
			<marc:subfield code="a">(Sirsi) a2834894</marc:subfield>
		</marc:datafield>
		<marc:datafield tag="090" ind1=" " ind2=" ">
			<marc:subfield code="a">FICTION LOV</marc:subfield>
			<marc:subfield code="e">ME</marc:subfield>
		</marc:datafield>
		<marc:datafield tag="100" ind1="1" ind2=" ">
			<marc:subfield code="a">Lovecraft, H. P.</marc:subfield>
			<marc:subfield code="q">(Howard Phillips)</marc:subfield>
			<marc:subfield code="d">1890-1937</marc:subfield>
			<marc:subfield code="e">author</marc:subfield>
			<marc:subfield code="4">aut</marc:subfield>
			<marc:subfield code="1">http://viaf.org/viaf/66470391</marc:subfield>
		</marc:datafield>
		<marc:datafield tag="245" ind1="1" ind2="4">
			<marc:subfield code="a">The crawling chaos :</marc:subfield>
			<marc:subfield code="b">and others :</marc:subfield>
			<marc:subfield code="b">the annotated revisions and collaborations of H. P. Lovecraft,</marc:subfield>
			<marc:subfield code="n">Vol. 1 /</marc:subfield>
			<marc:subfield code="c">H. P. Lovecraft ; edited, with an introduction and notes by S. T. Joshi.</marc:subfield>
		</marc:datafield>
		<marc:datafield tag="246" ind1="3" ind2="0">
			<marc:subfield code="a">Annotated revisions and collaborations of H. P. Lovecraft,</marc:subfield>
			<marc:subfield code="n">Vol. 1</marc:subfield>
		</marc:datafield>
		<marc:datafield tag="260" ind1=" " ind2=" ">
			<marc:subfield code="a">Welches, Or. :</marc:subfield>
			<marc:subfield code="b">Arcane Wisdom,</marc:subfield>
			<marc:subfield code="c">2011.</marc:subfield>
		</marc:datafield>
		<marc:datafield tag="300" ind1=" " ind2=" ">
			<marc:subfield code="a">418 pages</marc:subfield>
			<marc:subfield code="c">23 cm.</marc:subfield>
		</marc:datafield>
		<marc:datafield tag="336" ind1=" " ind2=" ">
			<marc:subfield code="a">text</marc:subfield>
			<marc:subfield code="b">txt</marc:subfield>
			<marc:subfield code="2">rdacontent</marc:subfield>
			<marc:subfield code="0">http://id.loc.gov/vocabulary/contentTypes/txt</marc:subfield>
		</marc:datafield>
		<marc:datafield tag="337" ind1=" " ind2=" ">
			<marc:subfield code="a">unmediated</marc:subfield>
			<marc:subfield code="b">n</marc:subfield>
			<marc:subfield code="2">rdamedia</marc:subfield>
			<marc:subfield code="0">http://id.loc.gov/vocabulary/mediaTypes/n</marc:subfield>
		</marc:datafield>
		<marc:datafield tag="338" ind1=" " ind2=" ">
			<marc:subfield code="a">volume</marc:subfield>
			<marc:subfield code="b">nc</marc:subfield>
			<marc:subfield code="2">rdacarrier</marc:subfield>
			<marc:subfield code="0">http://id.loc.gov/vocabulary/carriers/nc</marc:subfield>
		</marc:datafield>
		<marc:datafield tag="380" ind1=" " ind2=" ">
			<marc:subfield code="a">Short story</marc:subfield>
		</marc:datafield>
		<marc:datafield tag="500" ind1=" " ind2=" ">
			<marc:subfield code="a">Cover art and illustration on signature sheet: Zach McCain.</marc:subfield>
		</marc:datafield>
		<marc:datafield tag="500" ind1=" " ind2=" ">
			<marc:subfield code="a">Merril copy: numbers 92 of 150 numbered copies inscribed by Joshi and McCain.</marc:subfield>
		</marc:datafield>
		<marc:datafield tag="505" ind1="0" ind2="0">
			<marc:subfield code="g">Introduction /</marc:subfield>
			<marc:subfield code="r">S. T. Joshi--</marc:subfield>
			<marc:subfield code="t">The green meadow /</marc:subfield>
			<marc:subfield code="r">(with Winifred V. Jackson) --</marc:subfield>
			<marc:subfield code="t">Poetry and the gods /</marc:subfield>
			<marc:subfield code="r">(with Anna Helen Crofts) --</marc:subfield>
			<marc:subfield code="t">The crawling chaos /</marc:subfield>
			<marc:subfield code="r">(with Winifred V. Jackson) --</marc:subfield>
			<marc:subfield code="t">The horror at Martin's Beach /</marc:subfield>
			<marc:subfield code="r">(with Sonia H. Greene) --</marc:subfield>
			<marc:subfield code="t">Under the pyramids /</marc:subfield>
			<marc:subfield code="r">(with Harry Houdini) --</marc:subfield>
			<marc:subfield code="t">Two black bottles /</marc:subfield>
			<marc:subfield code="r">(with Wilfred Blanch Talman) --</marc:subfield>
			<marc:subfield code="t">The last test /</marc:subfield>
			<marc:subfield code="r">(with Adolphe de Castro) --</marc:subfield>
			<marc:subfield code="t">The curse of Yig /</marc:subfield>
			<marc:subfield code="r">(with Zealia Bishop) --</marc:subfield>
			<marc:subfield code="t">The electric executioner /</marc:subfield>
			<marc:subfield code="r">(with Adolphe de Castro) --</marc:subfield>
			<marc:subfield code="t">The mound /</marc:subfield>
			<marc:subfield code="r">(with Zealia Bishop).</marc:subfield>
		</marc:datafield>
		<marc:datafield tag="505" ind1="0" ind2="0">
			<marc:subfield code="g">Appendix --</marc:subfield>
			<marc:subfield code="t">Four o'clock /</marc:subfield>
			<marc:subfield code="r">Sonia H. Greene --</marc:subfield>
			<marc:subfield code="t">A sacrifice to science /</marc:subfield>
			<marc:subfield code="r">Gustav Adolphe Danziger --</marc:subfield>
			<marc:subfield code="t">The automatic executioner /</marc:subfield>
			<marc:subfield code="r">Gustav Adolphe Danziger.</marc:subfield>
		</marc:datafield>
		<marc:datafield tag="505" ind1="0" ind2=" ">
			<marc:subfield code="g">Notes --</marc:subfield>
			<marc:subfield code="g">Bibliography.</marc:subfield>
		</marc:datafield>
		<marc:datafield tag="650" ind1=" " ind2="4">
			<marc:subfield code="a">Collections</marc:subfield>
		</marc:datafield>
		<marc:datafield tag="650" ind1=" " ind2="4">
			<marc:subfield code="a">Horror tales, American</marc:subfield>
		</marc:datafield>
		<marc:datafield tag="650" ind1=" " ind2="4">
			<marc:subfield code="a">Cthulhu mythos</marc:subfield>
		</marc:datafield>
		<marc:datafield tag="655" ind1=" " ind2="4">
			<marc:subfield code="a">Short stories</marc:subfield>
		</marc:datafield>
		<marc:datafield tag="655" ind1=" " ind2="4">
			<marc:subfield code="a">Fiction</marc:subfield>
		</marc:datafield>
		<marc:datafield tag="655" ind1=" " ind2="4">
			<marc:subfield code="a">Horror</marc:subfield>
		</marc:datafield>
		<marc:datafield tag="655" ind1=" " ind2="4">
			<marc:subfield code="a">Fantasy</marc:subfield>
		</marc:datafield>
		<marc:datafield tag="655" ind1=" " ind2="4">
			<marc:subfield code="a">Science fiction</marc:subfield>
		</marc:datafield>
		<marc:datafield tag="655" ind1=" " ind2="4">
			<marc:subfield code="a">Paranormal</marc:subfield>
		</marc:datafield>
		<marc:datafield tag="700" ind1="1" ind2="2">
			<marc:subfield code="a">Lovecraft, H. P.</marc:subfield>
			<marc:subfield code="q">(Howard Phillips)</marc:subfield>
			<marc:subfield code="d">1890-1937</marc:subfield>
			<marc:subfield code="t">The Green Meadow</marc:subfield>
			<marc:subfield code="1">http://www.isfdb.org/cgi-bin/title.cgi?1035316</marc:subfield>
		</marc:datafield>
		<marc:datafield tag="700" ind1="1" ind2="2">
			<marc:subfield code="a">Lovecraft, H. P.</marc:subfield>
			<marc:subfield code="q">(Howard Phillips)</marc:subfield>
			<marc:subfield code="d">1890-1937</marc:subfield>
			<marc:subfield code="t">Under the Pyramids</marc:subfield>
			<marc:subfield code="1">http://www.isfdb.org/cgi-bin/title.cgi?69025</marc:subfield>
		</marc:datafield>
		<marc:datafield tag="700" ind1="1" ind2="2">
			<marc:subfield code="a">Lovecraft, H. P.</marc:subfield>
			<marc:subfield code="q">(Howard Phillips)</marc:subfield>
			<marc:subfield code="d">1890-1937</marc:subfield>
			<marc:subfield code="t">The Curse of Yig</marc:subfield>
			<marc:subfield code="1">http://viaf.org/viaf/313404131</marc:subfield>
		</marc:datafield>
		<marc:datafield tag="700" ind1="1" ind2=" ">
			<marc:subfield code="a">Joshi, S. T.</marc:subfield>
			<marc:subfield code="d">1958-</marc:subfield>
			<marc:subfield code="e">editor</marc:subfield>
			<marc:subfield code="4">edt</marc:subfield>
			<marc:subfield code="1">http://viaf.org/viaf/34508371</marc:subfield>
		</marc:datafield>
		<marc:datafield tag="700" ind1="1" ind2=" ">
			<marc:subfield code="a">McCain, Zach</marc:subfield>
			<marc:subfield code="e">illustrator</marc:subfield>
			<marc:subfield code="e">cover designer</marc:subfield>
			<marc:subfield code="4">ill</marc:subfield>
			<marc:subfield code="e">cov</marc:subfield>
			<marc:subfield code="1">http://www.isfdb.org/cgi-bin/ea.cgi?141195</marc:subfield>
		</marc:datafield>
	</marc:record>