
	<marc:record>
		<marc:leader>03588cam a2200493 a 4500</marc:leader>
		<marc:controlfield tag="001">16974257</marc:controlfield>
		<marc:controlfield tag="005">20110923123026.0</marc:controlfield>
		<marc:controlfield tag="008">110923s2011    enk           000 j eng  </marc:controlfield>
		<marc:datafield tag="010" ind1=" " ind2=" ">
			<marc:subfield code="a">  2011500108</marc:subfield>
		</marc:datafield>
		<marc:datafield tag="020" ind1=" " ind2=" ">
			<marc:subfield code="a">9780575099630 (pbk)</marc:subfield>
		</marc:datafield>
		<marc:datafield tag="020" ind1=" " ind2=" ">
			<marc:subfield code="a">0575099631 (pbk)</marc:subfield>
		</marc:datafield>
		<marc:datafield tag="020" ind1=" " ind2=" ">
			<marc:subfield code="a">9780575099357 (cased)</marc:subfield>
		</marc:datafield>
		<marc:datafield tag="020" ind1=" " ind2=" ">
			<marc:subfield code="a">0575099356 (cased)</marc:subfield>
		</marc:datafield>
		<marc:datafield tag="035" ind1=" " ind2=" ">
			<marc:subfield code="a">(Sirsi) a2799823</marc:subfield>
		</marc:datafield>
		<marc:datafield tag="040" ind1=" " ind2=" ">
			<marc:subfield code="a">DLC</marc:subfield>
			<marc:subfield code="c">DLC</marc:subfield>
		</marc:datafield>
		<marc:datafield tag="042" ind1=" " ind2=" ">
			<marc:subfield code="a">pcc</marc:subfield>
		</marc:datafield>
		<marc:datafield tag="090" ind1=" " ind2=" ">
			<marc:subfield code="a">FICTION LOV</marc:subfield>
			<marc:subfield code="e">ME</marc:subfield>
		</marc:datafield>
		<marc:datafield tag="090" ind1=" " ind2=" ">
			<marc:subfield code="a">FICTION LOV</marc:subfield>
		</marc:datafield>
		<marc:datafield tag="100" ind1="1" ind2=" ">
			<marc:subfield code="a">Lovecraft, H. P.</marc:subfield>
			<marc:subfield code="q">(Howard Phillips)</marc:subfield>
			<marc:subfield code="d">1890-1937</marc:subfield>
			<marc:subfield code="e">author</marc:subfield>
			<marc:subfield code="4">aut</marc:subfield>
			<marc:subfield code="1">http://viaf.org/viaf/66470391</marc:subfield>
		</marc:datafield>
		<marc:datafield tag="245" ind1="1" ind2="0">
			<marc:subfield code="a">Eldritch tales :</marc:subfield>
			<marc:subfield code="b">a miscellany of the macabre /</marc:subfield>
			<marc:subfield code="c">by H.P. Lovecraft ; edited with an afterword by Stephen Jones ; illustrated by Les Edwards.</marc:subfield>
		</marc:datafield>
		<marc:datafield tag="250" ind1=" " ind2=" ">
			<marc:subfield code="a">Special collector's edition</marc:subfield>
		</marc:datafield>
		<marc:datafield tag="260" ind1=" " ind2=" ">
			<marc:subfield code="a">London :</marc:subfield>
			<marc:subfield code="b">Gollancz,</marc:subfield>
			<marc:subfield code="c">2011.</marc:subfield>
		</marc:datafield>
		<marc:datafield tag="300" ind1=" " ind2=" ">
			<marc:subfield code="a">xvii, 538 pages</marc:subfield>
			<marc:subfield code="c">24 cm.</marc:subfield>
		</marc:datafield>
		<marc:datafield tag="336" ind1=" " ind2=" ">
			<marc:subfield code="a">text</marc:subfield>
			<marc:subfield code="b">txt</marc:subfield>
			<marc:subfield code="2">rdacontent</marc:subfield>
			<marc:subfield code="0">http://id.loc.gov/vocabulary/contentTypes/txt</marc:subfield>
		</marc:datafield>
		<marc:datafield tag="337" ind1=" " ind2=" ">
			<marc:subfield code="a">unmediated</marc:subfield>
			<marc:subfield code="b">n</marc:subfield>
			<marc:subfield code="2">rdamedia</marc:subfield>
			<marc:subfield code="0">http://id.loc.gov/vocabulary/mediaTypes/n</marc:subfield>
		</marc:datafield>
		<marc:datafield tag="338" ind1=" " ind2=" ">
			<marc:subfield code="a">volume</marc:subfield>
			<marc:subfield code="b">nc</marc:subfield>
			<marc:subfield code="2">rdacarrier</marc:subfield>
			<marc:subfield code="0">http://id.loc.gov/vocabulary/carriers/nc</marc:subfield>
		</marc:datafield>
		<marc:datafield tag="380" ind1=" " ind2=" ">
			<marc:subfield code="a">Short story</marc:subfield>
		</marc:datafield>
		<marc:datafield tag="505" ind1="0" ind2="0">
			<marc:subfield code="t">History of the Necronomicon --</marc:subfield>
			<marc:subfield code="t">The alchemist --</marc:subfield>
			<marc:subfield code="t">A reminiscence of Dr Samuel Johnson --</marc:subfield>
			<marc:subfield code="t">The beast in the cave --</marc:subfield>
			<marc:subfield code="t">The Poe-et's nightmare --</marc:subfield>
			<marc:subfield code="t">Memory --</marc:subfield>
			<marc:subfield code="t">Despair --</marc:subfield>
			<marc:subfield code="t">The picture in the house --</marc:subfield>
			<marc:subfield code="t">Beyond the wall of sleep --</marc:subfield>
			<marc:subfield code="t">Psychopompos: a tale in rhyme --</marc:subfield>
			<marc:subfield code="t">The white ship --</marc:subfield>
			<marc:subfield code="t">The house --</marc:subfield>
			<marc:subfield code="t">The nightmare lake --</marc:subfield>
			<marc:subfield code="t">Poetry and the gods</marc:subfield>
			<marc:subfield code="r">(with Anna Helen Crofts) --</marc:subfield>
			<marc:subfield code="t">Nyarlathotep --</marc:subfield>
			<marc:subfield code="t">Polaris --</marc:subfield>
			<marc:subfield code="t">The street --</marc:subfield>
			<marc:subfield code="t">Ex oblivione --</marc:subfield>
			<marc:subfield code="t">Facts concerning the late Arthur Jermyn and his family --</marc:subfield>
			<marc:subfield code="t">The crawling chaos</marc:subfield>
			<marc:subfield code="r">(with Winifred Virginia Jackson) --</marc:subfield>
			<marc:subfield code="t">The terrible old man --</marc:subfield>
			<marc:subfield code="t">The tree --</marc:subfield>
			<marc:subfield code="t">The tomb --</marc:subfield>
			<marc:subfield code="t">Celephaïs --</marc:subfield>
			<marc:subfield code="t">Hypnos --</marc:subfield>
			<marc:subfield code="t">What the moon brings --</marc:subfield>
			<marc:subfield code="t">The horror at Martin's beach</marc:subfield>
			<marc:subfield code="r">(with Sonia H. Greene) --</marc:subfield>
			<marc:subfield code="t">The festival --</marc:subfield>
			<marc:subfield code="t">The temple --</marc:subfield>
			<marc:subfield code="t">Hallowe'en in a suburb --</marc:subfield>
			<marc:subfield code="t">The moon-bog --</marc:subfield>
			<marc:subfield code="t">He --</marc:subfield>
			<marc:subfield code="t">Festival --</marc:subfield>
			<marc:subfield code="t">The green meadow</marc:subfield>
			<marc:subfield code="r">(with Winifred Virginia Jackson) --</marc:subfield>
			<marc:subfield code="t">Nathicana --</marc:subfield>
			<marc:subfield code="t">Two black bottles</marc:subfield>
			<marc:subfield code="r">(with Wilfred Blanch Talman) --</marc:subfield>
			<marc:subfield code="t">The last test</marc:subfield>
			<marc:subfield code="r">(with Adolphe de Castro) --</marc:subfield>
			<marc:subfield code="t">The wood --</marc:subfield>
			<marc:subfield code="t">The ancient track --</marc:subfield>
			<marc:subfield code="t">The electric executioner</marc:subfield>
			<marc:subfield code="r">(with Adolphe de Castro) --</marc:subfield>
			<marc:subfield code="t">Fungi from Yuggoth --</marc:subfield>
			<marc:subfield code="t">The trap</marc:subfield>
			<marc:subfield code="r">(with Henry S. Whitehead) --</marc:subfield>
			<marc:subfield code="t">The other gods --</marc:subfield>
			<marc:subfield code="t">The quest of Iranon --</marc:subfield>
			<marc:subfield code="t">The challenge from beyond --</marc:subfield>
			<marc:subfield code="t">In a sequester'd providence churchyard where once Poe walk'd --</marc:subfield>
			<marc:subfield code="t">Ibid --</marc:subfield>
			<marc:subfield code="t">Azathoth --</marc:subfield>
			<marc:subfield code="t">The descendant --</marc:subfield>
			<marc:subfield code="t">The book --</marc:subfield>
			<marc:subfield code="t">The messenger --</marc:subfield>
			<marc:subfield code="t">The evil clergyman --</marc:subfield>
			<marc:subfield code="t">The very old folk --</marc:subfield>
			<marc:subfield code="t">The thing in the moonlight --</marc:subfield>
			<marc:subfield code="t">The transition of Juan Romero --</marc:subfield>
			<marc:subfield code="t">Supernatural horror in literature --</marc:subfield>
			<marc:subfield code="t">Afterword: Lovecraft in Britain by Stephen Jones --</marc:subfield>
			<marc:subfield code="t">Other collaborations and revisions.</marc:subfield>
		</marc:datafield>
		<marc:datafield tag="600" ind1="1" ind2="4">
			<marc:subfield code="a">Cthulhu</marc:subfield>
			<marc:subfield code="c">(Fictitious character)</marc:subfield>
			<marc:subfield code="1">http://viaf.org/viaf/43148874709149622928</marc:subfield>
		</marc:datafield>
		<marc:datafield tag="650" ind1=" " ind2="4">
			<marc:subfield code="a">Collections</marc:subfield>
		</marc:datafield>
		<marc:datafield tag="650" ind1=" " ind2="4">
			<marc:subfield code="a">Cthulhu mythos</marc:subfield>
		</marc:datafield>
		<marc:datafield tag="650" ind1=" " ind2="4">
			<marc:subfield code="a">Supernatural</marc:subfield>
		</marc:datafield>
		<marc:datafield tag="650" ind1=" " ind2="4">
			<marc:subfield code="a">Horror tales, American</marc:subfield>
		</marc:datafield>
		<marc:datafield tag="655" ind1=" " ind2="4">
			<marc:subfield code="a">Short stories</marc:subfield>
		</marc:datafield>
		<marc:datafield tag="655" ind1=" " ind2="4">
			<marc:subfield code="a">Fiction</marc:subfield>
		</marc:datafield>
		<marc:datafield tag="655" ind1=" " ind2="4">
			<marc:subfield code="a">Horror</marc:subfield>
		</marc:datafield>
		<marc:datafield tag="655" ind1=" " ind2="4">
			<marc:subfield code="a">Fantasy</marc:subfield>
		</marc:datafield>
		<marc:datafield tag="655" ind1=" " ind2="4">
			<marc:subfield code="a">Science fiction</marc:subfield>
		</marc:datafield>
		<marc:datafield tag="655" ind1=" " ind2="4">
			<marc:subfield code="a">Paranormal</marc:subfield>
		</marc:datafield>
		<marc:datafield tag="700" ind1="1" ind2="2">
			<marc:subfield code="a">Lovecraft, H. P.</marc:subfield>
			<marc:subfield code="q">(Howard Phillips)</marc:subfield>
			<marc:subfield code="d">1890-1937</marc:subfield>
			<marc:subfield code="t">The Tree</marc:subfield>
			<marc:subfield code="1">http://www.isfdb.org/cgi-bin/title.cgi?41878</marc:subfield>
		</marc:datafield>
		<marc:datafield tag="700" ind1="1" ind2="2">
			<marc:subfield code="a">Lovecraft, H. P.</marc:subfield>
			<marc:subfield code="q">(Howard Phillips)</marc:subfield>
			<marc:subfield code="d">1890-1937</marc:subfield>
			<marc:subfield code="t">The Moon-Bog</marc:subfield>
			<marc:subfield code="1">http://www.isfdb.org/cgi-bin/title.cgi?41879</marc:subfield>
		</marc:datafield>
		<marc:datafield tag="700" ind1="1" ind2="2">
			<marc:subfield code="a">Lovecraft, H. P.</marc:subfield>
			<marc:subfield code="q">(Howard Phillips)</marc:subfield>
			<marc:subfield code="d">1890-1937</marc:subfield>
			<marc:subfield code="t">Fungi from Yuggoth</marc:subfield>
			<marc:subfield code="1">http://viaf.org/viaf/308002193</marc:subfield>
		</marc:datafield>
		<marc:datafield tag="700" ind1="1" ind2=" ">
			<marc:subfield code="a">Jones, Stephen,</marc:subfield>
			<marc:subfield code="d">1953-</marc:subfield>
			<marc:subfield code="e">editor</marc:subfield>
			<marc:subfield code="4">edt</marc:subfield>
			<marc:subfield code="1">http://viaf.org/viaf/114046456</marc:subfield>
		</marc:datafield>
		<marc:datafield tag="700" ind1="1" ind2=" ">
			<marc:subfield code="a">Edwards, Les</marc:subfield>
			<marc:subfield code="d">1949-</marc:subfield>
			<marc:subfield code="e">illustrator</marc:subfield>
			<marc:subfield code="4">ill</marc:subfield>
			<marc:subfield code="1">http://viaf.org/viaf/85677851</marc:subfield>
		</marc:datafield>
	</marc:record>