
	<marc:record>
		<marc:leader>03463cam a2200385 a 4500</marc:leader>
		<marc:controlfield tag="001">ocn702492563</marc:controlfield>
		<marc:controlfield tag="003">OCoLC</marc:controlfield>
		<marc:controlfield tag="005">20110405134825.0</marc:controlfield>
		<marc:controlfield tag="008">110217s2011    nyu    g      000 1 eng d</marc:controlfield>
		<marc:datafield tag="020" ind1=" " ind2=" ">
			<marc:subfield code="a">9780312648039 (hardcover) :</marc:subfield>
			<marc:subfield code="c">$25.99</marc:subfield>
		</marc:datafield>
		<marc:datafield tag="020" ind1=" " ind2=" ">
			<marc:subfield code="a">0312648030 (hardcover) :</marc:subfield>
			<marc:subfield code="c">$25.99</marc:subfield>
		</marc:datafield>
		<marc:datafield tag="035" ind1=" " ind2=" ">
			<marc:subfield code="a">(Sirsi) a2736664</marc:subfield>
		</marc:datafield>
		<marc:datafield tag="082" ind1="0" ind2="4">
			<marc:subfield code="a">813/.01/0806</marc:subfield>
		</marc:datafield>
		<marc:datafield tag="090" ind1=" " ind2=" ">
			<marc:subfield code="a">SHORT STORIES TWE</marc:subfield>
		</marc:datafield>
		<marc:datafield tag="100" ind1="1" ind2=" ">
			<marc:subfield code="a">Pockell, Leslie</marc:subfield>
			<marc:subfield code="e">editor</marc:subfield>
			<marc:subfield code="4">edt</marc:subfield>
			<marc:subfield code="1">http://viaf.org/viaf/18453178</marc:subfield>
		</marc:datafield>
		<marc:datafield tag="245" ind1="0" ind2="0">
			<marc:subfield code="a">21 essential American short stories /</marc:subfield>
			<marc:subfield code="c">edited by Leslie M. Pockell.</marc:subfield>
		</marc:datafield>
		<marc:datafield tag="246" ind1="3" ind2=" ">
			<marc:subfield code="a">Twenty-one essential American short stories</marc:subfield>
		</marc:datafield>
		<marc:datafield tag="250" ind1=" " ind2=" ">
			<marc:subfield code="a">First edition</marc:subfield>
		</marc:datafield>
		<marc:datafield tag="260" ind1=" " ind2=" ">
			<marc:subfield code="a">New York :</marc:subfield>
			<marc:subfield code="b">Thomas Dunne Books,</marc:subfield>
			<marc:subfield code="c">2011.</marc:subfield>
		</marc:datafield>
		<marc:datafield tag="300" ind1=" " ind2=" ">
			<marc:subfield code="a">xv, 300 pages</marc:subfield>
			<marc:subfield code="c">24 cm.</marc:subfield>
		</marc:datafield>
		<marc:datafield tag="336" ind1=" " ind2=" ">
			<marc:subfield code="a">text</marc:subfield>
			<marc:subfield code="b">txt</marc:subfield>
			<marc:subfield code="2">rdacontent</marc:subfield>
			<marc:subfield code="0">http://id.loc.gov/vocabulary/contentTypes/txt</marc:subfield>
		</marc:datafield>
		<marc:datafield tag="337" ind1=" " ind2=" ">
			<marc:subfield code="a">unmediated</marc:subfield>
			<marc:subfield code="b">n</marc:subfield>
			<marc:subfield code="2">rdamedia</marc:subfield>
			<marc:subfield code="0">http://id.loc.gov/vocabulary/mediaTypes/n</marc:subfield>
		</marc:datafield>
		<marc:datafield tag="338" ind1=" " ind2=" ">
			<marc:subfield code="a">volume</marc:subfield>
			<marc:subfield code="b">nc</marc:subfield>
			<marc:subfield code="2">rdacarrier</marc:subfield>
			<marc:subfield code="0">http://id.loc.gov/vocabulary/carriers/nc</marc:subfield>
		</marc:datafield>
		<marc:datafield tag="380" ind1=" " ind2=" ">
			<marc:subfield code="a">Fiction</marc:subfield>
		</marc:datafield>
		<marc:datafield tag="520" ind1=" " ind2=" ">
			<marc:subfield code="a">This book is a collection of beloved stories that have comprised an important part of the fabric of our culture, from the earliest days of our nation to the twentieth century. Some of the stories, such as Washington Irving's "Rip Van Winkle, " O. Henry's "The Gift of the Magi, " William Faulkner's "A Rose for Emily, " Charlotte Perkins Gilman's "The Yellow Wallpaper, " and James Thurber's "The Secret Life of Walter Mitty, " have been long regarded as literary classics, while others, such as Frank Stockton's "The Lady or the Tiger?" and Ellis Parker Butler's "Pigs Is Pigs, " are lesser known but well worth discovering. The carefully selected stories, each preceded by an illuminating headnote, powerfully illustrate the varied richness of our national literature and history. This beautifully packaged volume, containing the unforgettable classic short stories that evoke our shared American tradition and national identity, makes the perfect gift for the short story aficionado and novice alike. --From publisher description.</marc:subfield>
		</marc:datafield>
		<marc:datafield tag="505" ind1="0" ind2="0">
			<marc:subfield code="t">Rip Van Winkle /</marc:subfield>
			<marc:subfield code="r">by Washington Irving --</marc:subfield>
			<marc:subfield code="t">The purloined letter /</marc:subfield>
			<marc:subfield code="r">by Edgar Allan Poe --</marc:subfield>
			<marc:subfield code="t">Bartleby the scrivener /</marc:subfield>
			<marc:subfield code="r">by Herman Melville --</marc:subfield>
			<marc:subfield code="t">The celebrated jumping frog of Calaveras County /</marc:subfield>
			<marc:subfield code="r">by Mark Twain --</marc:subfield>
			<marc:subfield code="t">An occurrence at Owl Creek Bridge /</marc:subfield>
			<marc:subfield code="r">by Ambrose Bierce --</marc:subfield>
			<marc:subfield code="t">The yellow wallpaper /</marc:subfield>
			<marc:subfield code="r">by Charlotte Perkins Gilman --</marc:subfield>
			<marc:subfield code="t">Brer Rabbit and the Tar-Baby /</marc:subfield>
			<marc:subfield code="r">by Joel Chandler Harris --</marc:subfield>
			<marc:subfield code="t">The blue hotel /</marc:subfield>
			<marc:subfield code="r">by Stephen Crane --</marc:subfield>
			<marc:subfield code="t">The lady or the tiger? /</marc:subfield>
			<marc:subfield code="r">by Frank Stockton --</marc:subfield>
			<marc:subfield code="t">Pigs is pigs /</marc:subfield>
			<marc:subfield code="r">by Ellis Parker Butler --</marc:subfield>
			<marc:subfield code="t">To build a fire /</marc:subfield>
			<marc:subfield code="r">by Jack London --</marc:subfield>
			<marc:subfield code="t">The bar sinister /</marc:subfield>
			<marc:subfield code="r">by Richard Harding Davis --</marc:subfield>
			<marc:subfield code="t">The gift of the Magi /</marc:subfield>
			<marc:subfield code="r">by O. Henry --</marc:subfield>
			<marc:subfield code="t">The diamond as big as the Ritz /</marc:subfield>
			<marc:subfield code="r">by F. Scott Fitzgerald --</marc:subfield>
			<marc:subfield code="t">The killers /</marc:subfield>
			<marc:subfield code="r">by Ernest Hemingway --</marc:subfield>
			<marc:subfield code="t">Leiningen versus the ants /</marc:subfield>
			<marc:subfield code="r">by Carl Stephenson --</marc:subfield>
			<marc:subfield code="t">The pomegranate seed /</marc:subfield>
			<marc:subfield code="r">by Edith Wharton --</marc:subfield>
			<marc:subfield code="t">The call of Cthulhu /</marc:subfield>
			<marc:subfield code="r">by H.P. Lovecraft --</marc:subfield>
			<marc:subfield code="t">The secret life of Walter Mitty /</marc:subfield>
			<marc:subfield code="r">by James Thurber --</marc:subfield>
			<marc:subfield code="t">A rose for Emily /</marc:subfield>
			<marc:subfield code="r">by William Faulkner --</marc:subfield>
			<marc:subfield code="t">The lottery /</marc:subfield>
			<marc:subfield code="r">by Shirley Jackson.</marc:subfield>
		</marc:datafield>
		<marc:datafield tag="650" ind1=" " ind2="4">
			<marc:subfield code="a">Cthulhu mythos</marc:subfield>
		</marc:datafield>
		<marc:datafield tag="650" ind1=" " ind2="4">
			<marc:subfield code="a">Anthologies</marc:subfield>
		</marc:datafield>
		<marc:datafield tag="655" ind1=" " ind2="4">
			<marc:subfield code="a">Short stories</marc:subfield>
		</marc:datafield>
		<marc:datafield tag="655" ind1=" " ind2="4">
			<marc:subfield code="a">Fiction</marc:subfield>
		</marc:datafield>
		<marc:datafield tag="655" ind1=" " ind2="4">
			<marc:subfield code="a">Horror</marc:subfield>
		</marc:datafield>
		<marc:datafield tag="655" ind1=" " ind2="4">
			<marc:subfield code="a">Fantasy</marc:subfield>
		</marc:datafield>
		<marc:datafield tag="655" ind1=" " ind2="4">
			<marc:subfield code="a">Science fiction</marc:subfield>
		</marc:datafield>
		<marc:datafield tag="655" ind1=" " ind2="4">
			<marc:subfield code="a">Paranormal</marc:subfield>
		</marc:datafield>
		<marc:datafield tag="700" ind1="1" ind2="2">
			<marc:subfield code="a">Lovecraft, H. P.</marc:subfield>
			<marc:subfield code="q">(Howard Phillips)</marc:subfield>
			<marc:subfield code="d">1890-1937</marc:subfield>
			<marc:subfield code="e">contributor</marc:subfield>
			<marc:subfield code="4">ctb</marc:subfield>
			<marc:subfield code="1">http://viaf.org/viaf/66470391</marc:subfield>
		</marc:datafield>
		<marc:datafield tag="700" ind1="1" ind2="2">
			<marc:subfield code="a">Lovecraft, H. P.</marc:subfield>
			<marc:subfield code="q">(Howard Phillips)</marc:subfield>
			<marc:subfield code="d">1890-1937</marc:subfield>
			<marc:subfield code="t">The Call of Cthulhu</marc:subfield>
			<marc:subfield code="1">http://viaf.org/viaf/306129374</marc:subfield>
		</marc:datafield>
	</marc:record>