
	<marc:record>
		<marc:leader>02890cam a2200481Ia 4500</marc:leader>
		<marc:controlfield tag="001">ocn548412873</marc:controlfield>
		<marc:controlfield tag="003">OCoLC</marc:controlfield>
		<marc:controlfield tag="005">20111228133832.0</marc:controlfield>
		<marc:controlfield tag="008">100825s2010    nyu           000 j eng d</marc:controlfield>
		<marc:datafield tag="020" ind1=" " ind2=" ">
			<marc:subfield code="a">9780307741851 (pbk.)</marc:subfield>
		</marc:datafield>
		<marc:datafield tag="020" ind1=" " ind2=" ">
			<marc:subfield code="a">0307741850 (pbk.)</marc:subfield>
		</marc:datafield>
		<marc:datafield tag="035" ind1=" " ind2=" ">
			<marc:subfield code="a">(Sirsi) a2832925</marc:subfield>
		</marc:datafield>
		<marc:datafield tag="035" ind1=" " ind2=" ">
			<marc:subfield code="a">(OCoLC)548412873</marc:subfield>
		</marc:datafield>
		<marc:datafield tag="040" ind1=" " ind2=" ">
			<marc:subfield code="a">BTCTA</marc:subfield>
			<marc:subfield code="c">BTCTA</marc:subfield>
			<marc:subfield code="d">YEQ</marc:subfield>
			<marc:subfield code="d">YDXCP</marc:subfield>
		</marc:datafield>
		<marc:datafield tag="050" ind1="1" ind2="4">
			<marc:subfield code="a">PS648.V35</marc:subfield>
			<marc:subfield code="b">F36 2010</marc:subfield>
		</marc:datafield>
		<marc:datafield tag="082" ind1="0" ind2="4">
			<marc:subfield code="a">813/.0873808375</marc:subfield>
			<marc:subfield code="2">22</marc:subfield>
		</marc:datafield>
		<marc:datafield tag="090" ind1=" " ind2=" ">
			<marc:subfield code="a">FICTION FAN</marc:subfield>
			<marc:subfield code="e">ME</marc:subfield>
		</marc:datafield>
		<marc:datafield tag="100" ind1="1" ind2=" ">
			<marc:subfield code="a">Penzler, Otto</marc:subfield>
			<marc:subfield code="e">editor</marc:subfield>
			<marc:subfield code="4">edt</marc:subfield>
			<marc:subfield code="1">http://viaf.org/viaf/99150040</marc:subfield>
		</marc:datafield>
		<marc:datafield tag="240" ind1=" " ind2=" ">
			<marc:subfield code="a">Fangs: The Vampire Archives, Volume 2</marc:subfield>
			<marc:subfield code="1">http://www.isfdb.org/cgi-bin/pl.cgi?323487</marc:subfield>
		</marc:datafield>
		<marc:datafield tag="245" ind1="0" ind2="0">
			<marc:subfield code="a">Fangs /</marc:subfield>
			<marc:subfield code="c">edited and with an introduction by Otto Penzler.</marc:subfield>
		</marc:datafield>
		<marc:datafield tag="260" ind1=" " ind2=" ">
			<marc:subfield code="a">New York :</marc:subfield>
			<marc:subfield code="b">Vintage Books,</marc:subfield>
			<marc:subfield code="c">2010.</marc:subfield>
		</marc:datafield>
		<marc:datafield tag="300" ind1=" " ind2=" ">
			<marc:subfield code="a">viii, 548 pages</marc:subfield>
			<marc:subfield code="c">18 cm.</marc:subfield>
		</marc:datafield>
		<marc:datafield tag="336" ind1=" " ind2=" ">
			<marc:subfield code="a">text</marc:subfield>
			<marc:subfield code="b">txt</marc:subfield>
			<marc:subfield code="2">rdacontent</marc:subfield>
			<marc:subfield code="0">http://id.loc.gov/vocabulary/contentTypes/txt</marc:subfield>
		</marc:datafield>
		<marc:datafield tag="337" ind1=" " ind2=" ">
			<marc:subfield code="a">unmediated</marc:subfield>
			<marc:subfield code="b">n</marc:subfield>
			<marc:subfield code="2">rdamedia</marc:subfield>
			<marc:subfield code="0">http://id.loc.gov/vocabulary/mediaTypes/n</marc:subfield>
		</marc:datafield>
		<marc:datafield tag="338" ind1=" " ind2=" ">
			<marc:subfield code="a">volume</marc:subfield>
			<marc:subfield code="b">nc</marc:subfield>
			<marc:subfield code="2">rdacarrier</marc:subfield>
			<marc:subfield code="0">http://id.loc.gov/vocabulary/carriers/nc</marc:subfield>
		</marc:datafield>
		<marc:datafield tag="380" ind1=" " ind2=" ">
			<marc:subfield code="a">Short story</marc:subfield>
		</marc:datafield>
		<marc:datafield tag="490" ind1="1" ind2=" ">
			<marc:subfield code="a">The vampire archives ;</marc:subfield>
			<marc:subfield code="v">v. 2</marc:subfield>
		</marc:datafield>
		<marc:datafield tag="490" ind1="1" ind2=" ">
			<marc:subfield code="a">Vintage crime/Black Lizard</marc:subfield>
		</marc:datafield>
		<marc:datafield tag="500" ind1=" " ind2=" ">
			<marc:subfield code="a">"The stories in this book were originally published as part of The Vampire Archives in the United States by Vintage Books ... in 2009"--T.p. verso.</marc:subfield>
		</marc:datafield>
		<marc:datafield tag="505" ind1="0" ind2="0">
			<marc:subfield code="t">Introduction /</marc:subfield>
			<marc:subfield code="r">Otto Penzler --</marc:subfield>
			<marc:subfield code="t">Down among the dead men /</marc:subfield>
			<marc:subfield code="r">Gardner Dozois, /</marc:subfield>
			<marc:subfield code="r">Jack Dann --</marc:subfield>
			<marc:subfield code="t">Drink my red blood /</marc:subfield>
			<marc:subfield code="r">Richard Matheson --</marc:subfield>
			<marc:subfield code="t">The hound /</marc:subfield>
			<marc:subfield code="r">H.P. Lovecraft --</marc:subfield>
			<marc:subfield code="t">The parasite /</marc:subfield>
			<marc:subfield code="r">Arthur Conan Doyle --</marc:subfield>
			<marc:subfield code="t">The giaour /</marc:subfield>
			<marc:subfield code="r">Lord Byron --</marc:subfield>
			<marc:subfield code="t">The master of Rampling Gate /</marc:subfield>
			<marc:subfield code="r">Anne Rice --</marc:subfield>
			<marc:subfield code="t">The vampire maid /</marc:subfield>
			<marc:subfield code="r">Hume Nisbet --</marc:subfield>
			<marc:subfield code="t">Special /</marc:subfield>
			<marc:subfield code="r">Richard Laymon --</marc:subfield>
			<marc:subfield code="t">A week in the unlife /</marc:subfield>
			<marc:subfield code="r">David J. Schow --</marc:subfield>
			<marc:subfield code="t">Princess of darkness /</marc:subfield>
			<marc:subfield code="r">Frederick Cowles --</marc:subfield>
			<marc:subfield code="t">The girl with the hungry eyes /</marc:subfield>
			<marc:subfield code="r">Fritz Leiber --</marc:subfield>
			<marc:subfield code="t">The room in the tower /</marc:subfield>
			<marc:subfield code="r">E.F. Benson --</marc:subfield>
			<marc:subfield code="t">Carmilla /</marc:subfield>
			<marc:subfield code="r">Sheridan Le Fanu --</marc:subfield>
			<marc:subfield code="t">The sad story of a vampire /</marc:subfield>
			<marc:subfield code="r">Erick Stenbock --</marc:subfield>
			<marc:subfield code="t">Necros /</marc:subfield>
			<marc:subfield code="r">Brian Lumley --</marc:subfield>
			<marc:subfield code="t">Human remains /</marc:subfield>
			<marc:subfield code="r">Clive Barker --</marc:subfield>
			<marc:subfield code="t">The stone chamber /</marc:subfield>
			<marc:subfield code="r">H.B. Marriott Watson --</marc:subfield>
			<marc:subfield code="t">The werewolf and the vampire /</marc:subfield>
			<marc:subfield code="r">R. Chetwynd-Hayes --</marc:subfield>
			<marc:subfield code="t">Aylmer Vance and the vampire /</marc:subfield>
			<marc:subfield code="r">Alice Askey and Claude /</marc:subfield>
			<marc:subfield code="r">Askey --</marc:subfield>
			<marc:subfield code="t">The drifting snow /</marc:subfield>
			<marc:subfield code="r">August Derleth.</marc:subfield>
		</marc:datafield>
		<marc:datafield tag="520" ind1=" " ind2=" ">
			<marc:subfield code="a">Presents an anthology of twenty works about vampires, including contributions by H.P. Lovecraft, Anne Rice, Richard Laymon, and Clive Barker.</marc:subfield>
		</marc:datafield>
		<marc:datafield tag="650" ind1=" " ind2="4">
			<marc:subfield code="a">Vampires</marc:subfield>
		</marc:datafield>
		<marc:datafield tag="650" ind1=" " ind2="4">
			<marc:subfield code="a">Anthologies</marc:subfield>
		</marc:datafield>
		<marc:datafield tag="655" ind1=" " ind2="4">
			<marc:subfield code="a">Short stories</marc:subfield>
		</marc:datafield>
		<marc:datafield tag="655" ind1=" " ind2="4">
			<marc:subfield code="a">Fiction</marc:subfield>
		</marc:datafield>
		<marc:datafield tag="655" ind1=" " ind2="4">
			<marc:subfield code="a">Horror</marc:subfield>
		</marc:datafield>
		<marc:datafield tag="655" ind1=" " ind2="4">
			<marc:subfield code="a">Fantasy</marc:subfield>
		</marc:datafield>
		<marc:datafield tag="655" ind1=" " ind2="4">
			<marc:subfield code="a">Science fiction</marc:subfield>
		</marc:datafield>
		<marc:datafield tag="655" ind1=" " ind2="4">
			<marc:subfield code="a">Paranormal</marc:subfield>
		</marc:datafield>
		<marc:datafield tag="700" ind1="1" ind2="2">
			<marc:subfield code="a">Lovecraft, H. P.</marc:subfield>
			<marc:subfield code="q">(Howard Phillips)</marc:subfield>
			<marc:subfield code="d">1890-1937</marc:subfield>
			<marc:subfield code="e">contributor</marc:subfield>
			<marc:subfield code="4">ctb</marc:subfield>
			<marc:subfield code="t">The hound</marc:subfield>
			<marc:subfield code="1">http://viaf.org/viaf/66470391</marc:subfield>
		</marc:datafield>
		<marc:datafield tag="700" ind1="1" ind2="2">
			<marc:subfield code="a">Lovecraft, H. P.</marc:subfield>
			<marc:subfield code="q">(Howard Phillips)</marc:subfield>
			<marc:subfield code="d">1890-1937</marc:subfield>
			<marc:subfield code="t">The Hound</marc:subfield>
			<marc:subfield code="1">http://www.isfdb.org/cgi-bin/title.cgi?41886</marc:subfield>
		</marc:datafield>
		<marc:datafield tag="800" ind1="1" ind2=" ">
			<marc:subfield code="a">Vampire archives ;</marc:subfield>
			<marc:subfield code="v">v. 2.</marc:subfield>
		</marc:datafield>
		<marc:datafield tag="830" ind1=" " ind2="4">
			<marc:subfield code="a">The vampire archives ;</marc:subfield>
			<marc:subfield code="v">v. 2.</marc:subfield>
		</marc:datafield>
	</marc:record>