
	<marc:record>
		<marc:leader>02710cam a2200409Ia 4500</marc:leader>
		<marc:controlfield tag="001">ocn692768632</marc:controlfield>
		<marc:controlfield tag="003">OCoLC</marc:controlfield>
		<marc:controlfield tag="005">20110907171554.0</marc:controlfield>
		<marc:controlfield tag="008">101215s2010    nyu           000 j eng d</marc:controlfield>
		<marc:datafield tag="020" ind1=" " ind2=" ">
			<marc:subfield code="a">9781435125926</marc:subfield>
		</marc:datafield>
		<marc:datafield tag="020" ind1=" " ind2=" ">
			<marc:subfield code="a">1435125924</marc:subfield>
		</marc:datafield>
		<marc:datafield tag="035" ind1=" " ind2=" ">
			<marc:subfield code="a">(Sirsi) a2799082</marc:subfield>
		</marc:datafield>
		<marc:datafield tag="035" ind1=" " ind2=" ">
			<marc:subfield code="a">(OCoLC)692768632</marc:subfield>
		</marc:datafield>
		<marc:datafield tag="040" ind1=" " ind2=" ">
			<marc:subfield code="a">PSV</marc:subfield>
			<marc:subfield code="c">PSV</marc:subfield>
		</marc:datafield>
		<marc:datafield tag="090" ind1=" " ind2=" ">
			<marc:subfield code="a">SCIENCE FICTION END</marc:subfield>
		</marc:datafield>
		<marc:datafield tag="100" ind1="1" ind2=" ">
			<marc:subfield code="a">Kelahan, Michael</marc:subfield>
			<marc:subfield code="e">editor</marc:subfield>
			<marc:subfield code="4">edt</marc:subfield>
			<marc:subfield code="1">http://viaf.org/viaf/250884692</marc:subfield>
		</marc:datafield>
		<marc:datafield tag="240" ind1=" " ind2=" ">
			<marc:subfield code="a">The End of the World: Classic Tales of Apocalyptic Science Fiction</marc:subfield>
			<marc:subfield code="1">http://www.isfdb.org/cgi-bin/pl.cgi?356336</marc:subfield>
		</marc:datafield>
		<marc:datafield tag="245" ind1="0" ind2="4">
			<marc:subfield code="a">The end of the world :</marc:subfield>
			<marc:subfield code="b">classic tales of apocalyptic science fiction /</marc:subfield>
			<marc:subfield code="c">compiled by Michael Kelahan</marc:subfield>
		</marc:datafield>
		<marc:datafield tag="260" ind1=" " ind2=" ">
			<marc:subfield code="a">New York :</marc:subfield>
			<marc:subfield code="b">Fall River Press,</marc:subfield>
			<marc:subfield code="c">2010</marc:subfield>
		</marc:datafield>
		<marc:datafield tag="300" ind1=" " ind2=" ">
			<marc:subfield code="a">437 pages</marc:subfield>
			<marc:subfield code="c">21 cm.</marc:subfield>
		</marc:datafield>
		<marc:datafield tag="336" ind1=" " ind2=" ">
			<marc:subfield code="a">text</marc:subfield>
			<marc:subfield code="b">txt</marc:subfield>
			<marc:subfield code="2">rdacontent</marc:subfield>
			<marc:subfield code="0">http://id.loc.gov/vocabulary/contentTypes/txt</marc:subfield>
		</marc:datafield>
		<marc:datafield tag="337" ind1=" " ind2=" ">
			<marc:subfield code="a">unmediated</marc:subfield>
			<marc:subfield code="b">n</marc:subfield>
			<marc:subfield code="2">rdamedia</marc:subfield>
			<marc:subfield code="0">http://id.loc.gov/vocabulary/mediaTypes/n</marc:subfield>
		</marc:datafield>
		<marc:datafield tag="338" ind1=" " ind2=" ">
			<marc:subfield code="a">volume</marc:subfield>
			<marc:subfield code="b">nc</marc:subfield>
			<marc:subfield code="2">rdacarrier</marc:subfield>
			<marc:subfield code="0">http://id.loc.gov/vocabulary/carriers/nc</marc:subfield>
		</marc:datafield>
		<marc:datafield tag="380" ind1=" " ind2=" ">
			<marc:subfield code="a">Short story</marc:subfield>
		</marc:datafield>
		<marc:datafield tag="500" ind1=" " ind2=" ">
			<marc:subfield code="a">Along with a general introduction there is a brief introduction by the compiler before each story.</marc:subfield>
		</marc:datafield>
		<marc:datafield tag="505" ind1="0" ind2="0">
			<marc:subfield code="g">Introduction /</marc:subfield>
			<marc:subfield code="r">Michael Kelahan</marc:subfield>
			<marc:subfield code="g">[2010] --</marc:subfield>
			<marc:subfield code="t">Darkness /</marc:subfield>
			<marc:subfield code="r">Lord Byron</marc:subfield>
			<marc:subfield code="g">[1816] --</marc:subfield>
			<marc:subfield code="t">The Last Man /</marc:subfield>
			<marc:subfield code="r">Anonymous</marc:subfield>
			<marc:subfield code="g">[1826] --</marc:subfield>
			<marc:subfield code="t">The Comet /</marc:subfield>
			<marc:subfield code="r">S. Austin, Jr.</marc:subfield>
			<marc:subfield code="g">[1839] --</marc:subfield>
			<marc:subfield code="t">The Conversation of Eiros and Charmion /</marc:subfield>
			<marc:subfield code="r">Edgar Allan Poe</marc:subfield>
			<marc:subfield code="g">[1839] --</marc:subfield>
			<marc:subfield code="t">Earth's Holocaust /</marc:subfield>
			<marc:subfield code="r">Nathaniel Hawthorne</marc:subfield>
			<marc:subfield code="g">[1844] --</marc:subfield>
			<marc:subfield code="t">Into the Sun /</marc:subfield>
			<marc:subfield code="r">Robert Duncan Milne</marc:subfield>
			<marc:subfield code="g">[1882] --</marc:subfield>
			<marc:subfield code="t">Plucked from the Burning /</marc:subfield>
			<marc:subfield code="r">Robert Duncan Milne</marc:subfield>
			<marc:subfield code="g">[1882] --</marc:subfield>
			<marc:subfield code="t">For the Ahkoond /</marc:subfield>
			<marc:subfield code="r">Ambrose Bierce --</marc:subfield>
			<marc:subfield code="t">The Crack of Doom /</marc:subfield>
			<marc:subfield code="r">Robert Cromie</marc:subfield>
			<marc:subfield code="g">[1895] --</marc:subfield>
			<marc:subfield code="t">The Star /</marc:subfield>
			<marc:subfield code="r">H. G. Wells</marc:subfield>
			<marc:subfield code="g">[1897] --</marc:subfield>
			<marc:subfield code="t">The Thames Valley Catastrophe /</marc:subfield>
			<marc:subfield code="r">Grant Allen</marc:subfield>
			<marc:subfield code="g">[1897] --</marc:subfield>
			<marc:subfield code="t">A Corner in Lightning /</marc:subfield>
			<marc:subfield code="r">George Griffith</marc:subfield>
			<marc:subfield code="g">[1898] --</marc:subfield>
			<marc:subfield code="t">Within an Ace of the End of the World /</marc:subfield>
			<marc:subfield code="r">Robert Barr</marc:subfield>
			<marc:subfield code="g">[1900] --</marc:subfield>
			<marc:subfield code="t">The Last Days of Earth /</marc:subfield>
			<marc:subfield code="r">George C. Wallis</marc:subfield>
			<marc:subfield code="g">[1901] --</marc:subfield>
			<marc:subfield code="t">The End of the World /</marc:subfield>
			<marc:subfield code="r">Simon Newcomb</marc:subfield>
			<marc:subfield code="g">[1903] --</marc:subfield>
			<marc:subfield code="t">Finis /</marc:subfield>
			<marc:subfield code="r">Frank Lillie Pollock</marc:subfield>
			<marc:subfield code="g">[1906] --</marc:subfield>
			<marc:subfield code="t">The Scarlet Plague /</marc:subfield>
			<marc:subfield code="r">Jack London</marc:subfield>
			<marc:subfield code="g">[1912] --</marc:subfield>
			<marc:subfield code="t">The Last Sunset /</marc:subfield>
			<marc:subfield code="r">Edwin A. Start</marc:subfield>
			<marc:subfield code="g">[1907] --</marc:subfield>
			<marc:subfield code="t">The Machine Stops /</marc:subfield>
			<marc:subfield code="r">E. M. Forster</marc:subfield>
			<marc:subfield code="g">[1909] --</marc:subfield>
			<marc:subfield code="t">The Poison Belt /</marc:subfield>
			<marc:subfield code="r">Sir Arthur Conan Doyle</marc:subfield>
			<marc:subfield code="g">[1913] --</marc:subfield>
			<marc:subfield code="t">Nyarlathotep /</marc:subfield>
			<marc:subfield code="r">H. P. Lovecraft</marc:subfield>
			<marc:subfield code="g">[1920].</marc:subfield>
		</marc:datafield>
		<marc:datafield tag="650" ind1=" " ind2="4">
			<marc:subfield code="a">Horror tales, American</marc:subfield>
		</marc:datafield>
		<marc:datafield tag="650" ind1=" " ind2="4">
			<marc:subfield code="a">End of the world</marc:subfield>
		</marc:datafield>
		<marc:datafield tag="650" ind1=" " ind2="4">
			<marc:subfield code="a">Anthologies</marc:subfield>
		</marc:datafield>
		<marc:datafield tag="655" ind1=" " ind2="4">
			<marc:subfield code="a">Short stories</marc:subfield>
		</marc:datafield>
		<marc:datafield tag="655" ind1=" " ind2="4">
			<marc:subfield code="a">Fiction</marc:subfield>
		</marc:datafield>
		<marc:datafield tag="655" ind1=" " ind2="4">
			<marc:subfield code="a">Horror</marc:subfield>
		</marc:datafield>
		<marc:datafield tag="655" ind1=" " ind2="4">
			<marc:subfield code="a">Fantasy</marc:subfield>
		</marc:datafield>
		<marc:datafield tag="655" ind1=" " ind2="4">
			<marc:subfield code="a">Science fiction</marc:subfield>
		</marc:datafield>
		<marc:datafield tag="655" ind1=" " ind2="4">
			<marc:subfield code="a">Paranormal</marc:subfield>
		</marc:datafield>
		<marc:datafield tag="700" ind1="1" ind2="2">
			<marc:subfield code="a">Lovecraft, H. P.</marc:subfield>
			<marc:subfield code="q">(Howard Phillips)</marc:subfield>
			<marc:subfield code="d">1890-1937</marc:subfield>
			<marc:subfield code="e">contributor</marc:subfield>
			<marc:subfield code="4">ctb</marc:subfield>
			<marc:subfield code="1">http://viaf.org/viaf/66470391</marc:subfield>
		</marc:datafield>
		<marc:datafield tag="700" ind1="1" ind2="2">
			<marc:subfield code="a">Lovecraft, H. P.</marc:subfield>
			<marc:subfield code="q">(Howard Phillips)</marc:subfield>
			<marc:subfield code="d">1890-1937</marc:subfield>
			<marc:subfield code="t">Nyarlathotep</marc:subfield>
			<marc:subfield code="1">http://www.isfdb.org/cgi-bin/title.cgi?69021</marc:subfield>
		</marc:datafield>
	</marc:record>