
	<marc:record>
		<marc:leader>03920cam a2200517 a 4500</marc:leader>
		<marc:controlfield tag="001">ocn645676989</marc:controlfield>
		<marc:controlfield tag="003">OCoLC</marc:controlfield>
		<marc:controlfield tag="005">20110818141027.0</marc:controlfield>
		<marc:controlfield tag="008">100609s2010    nyua     bq   000 j eng  </marc:controlfield>
		<marc:datafield tag="015" ind1=" " ind2=" ">
			<marc:subfield code="a">GBB076070</marc:subfield>
			<marc:subfield code="2">bnb</marc:subfield>
		</marc:datafield>
		<marc:datafield tag="016" ind1="7" ind2=" ">
			<marc:subfield code="a">015584220</marc:subfield>
			<marc:subfield code="2">Uk</marc:subfield>
		</marc:datafield>
		<marc:datafield tag="020" ind1=" " ind2=" ">
			<marc:subfield code="a">9781579128524 (pbk.)</marc:subfield>
		</marc:datafield>
		<marc:datafield tag="020" ind1=" " ind2=" ">
			<marc:subfield code="a">1579128521 (pbk.)</marc:subfield>
		</marc:datafield>
		<marc:datafield tag="035" ind1=" " ind2=" ">
			<marc:subfield code="a">(Sirsi) a2795270</marc:subfield>
		</marc:datafield>
		<marc:datafield tag="035" ind1=" " ind2=" ">
			<marc:subfield code="a">(OCoLC)645676989</marc:subfield>
			<marc:subfield code="z">(OCoLC)535495548</marc:subfield>
		</marc:datafield>
		<marc:datafield tag="040" ind1=" " ind2=" ">
			<marc:subfield code="a">UKM</marc:subfield>
			<marc:subfield code="c">UKM</marc:subfield>
			<marc:subfield code="d">BTCTA</marc:subfield>
			<marc:subfield code="d">ORX</marc:subfield>
			<marc:subfield code="d">QBX</marc:subfield>
			<marc:subfield code="d">BKX</marc:subfield>
			<marc:subfield code="d">YDXCP</marc:subfield>
		</marc:datafield>
		<marc:datafield tag="050" ind1=" " ind2="4">
			<marc:subfield code="a">PR1309.H6</marc:subfield>
			<marc:subfield code="b">W47 2010</marc:subfield>
		</marc:datafield>
		<marc:datafield tag="082" ind1="0" ind2="4">
			<marc:subfield code="a">823/.0873808374</marc:subfield>
			<marc:subfield code="2">22</marc:subfield>
		</marc:datafield>
		<marc:datafield tag="090" ind1=" " ind2=" ">
			<marc:subfield code="a">FICTION WER</marc:subfield>
		</marc:datafield>
		<marc:datafield tag="100" ind1="1" ind2=" ">
			<marc:subfield code="a">Skipp, John</marc:subfield>
			<marc:subfield code="e">editor</marc:subfield>
			<marc:subfield code="e">writer of added commentary</marc:subfield>
			<marc:subfield code="4">edt</marc:subfield>
			<marc:subfield code="4">wac</marc:subfield>
			<marc:subfield code="1">http://viaf.org/viaf/4774368</marc:subfield>
		</marc:datafield>
		<marc:datafield tag="240" ind1=" " ind2=" ">
			<marc:subfield code="a">Werewolves and Shapeshifters: Encounters with the Beast Within</marc:subfield>
			<marc:subfield code="1">http://www.isfdb.org/cgi-bin/pl.cgi?324392</marc:subfield>
		</marc:datafield>
		<marc:datafield tag="245" ind1="0" ind2="0">
			<marc:subfield code="a">Werewolves and shapeshifters :</marc:subfield>
			<marc:subfield code="b">encounters with the beast within /</marc:subfield>
			<marc:subfield code="c">edited with commentary by John Skipp.</marc:subfield>
		</marc:datafield>
		<marc:datafield tag="246" ind1="3" ind2="0">
			<marc:subfield code="a">Encounters with the beast within</marc:subfield>
		</marc:datafield>
		<marc:datafield tag="260" ind1=" " ind2=" ">
			<marc:subfield code="a">New York :</marc:subfield>
			<marc:subfield code="b">Black Dog and Leventhal,</marc:subfield>
			<marc:subfield code="c">c2010.</marc:subfield>
		</marc:datafield>
		<marc:datafield tag="300" ind1=" " ind2=" ">
			<marc:subfield code="a">[viii], 632 pages</marc:subfield>
			<marc:subfield code="b">illustrations ;</marc:subfield>
			<marc:subfield code="c">24 cm.</marc:subfield>
		</marc:datafield>
		<marc:datafield tag="336" ind1=" " ind2=" ">
			<marc:subfield code="a">text</marc:subfield>
			<marc:subfield code="b">txt</marc:subfield>
			<marc:subfield code="2">rdacontent</marc:subfield>
			<marc:subfield code="0">http://id.loc.gov/vocabulary/contentTypes/txt</marc:subfield>
		</marc:datafield>
		<marc:datafield tag="337" ind1=" " ind2=" ">
			<marc:subfield code="a">unmediated</marc:subfield>
			<marc:subfield code="b">n</marc:subfield>
			<marc:subfield code="2">rdamedia</marc:subfield>
			<marc:subfield code="0">http://id.loc.gov/vocabulary/mediaTypes/n</marc:subfield>
		</marc:datafield>
		<marc:datafield tag="338" ind1=" " ind2=" ">
			<marc:subfield code="a">volume</marc:subfield>
			<marc:subfield code="b">nc</marc:subfield>
			<marc:subfield code="2">rdacarrier</marc:subfield>
			<marc:subfield code="0">http://id.loc.gov/vocabulary/carriers/nc</marc:subfield>
		</marc:datafield>
		<marc:datafield tag="380" ind1=" " ind2=" ">
			<marc:subfield code="a">Filmography</marc:subfield>
		</marc:datafield>
		<marc:datafield tag="380" ind1=" " ind2=" ">
			<marc:subfield code="a">Short story</marc:subfield>
		</marc:datafield>
		<marc:datafield tag="504" ind1=" " ind2=" ">
			<marc:subfield code="a">Includes bibliographical references (pages 622-626) and filmography (pages 627-629).</marc:subfield>
		</marc:datafield>
		<marc:datafield tag="505" ind1="0" ind2=" ">
			<marc:subfield code="g">Introduction : To walk on four legs breaks the law (and that's alright with me) /</marc:subfield>
			<marc:subfield code="r">John Skipp --</marc:subfield>
			<marc:subfield code="t">The company of wolves /</marc:subfield>
			<marc:subfield code="r">Angela Carter --</marc:subfield>
			<marc:subfield code="t">The other side /</marc:subfield>
			<marc:subfield code="r">Count Stenbock --</marc:subfield>
			<marc:subfield code="t">The lady on the grey /</marc:subfield>
			<marc:subfield code="r">John Collier --</marc:subfield>
			<marc:subfield code="t">Gabriel-Ernest /</marc:subfield>
			<marc:subfield code="r">Saki --</marc:subfield>
			<marc:subfield code="t">The shadow over Innsmouth /</marc:subfield>
			<marc:subfield code="r">H.P. Lovecraft --</marc:subfield>
			<marc:subfield code="t">Grandfather wolf /</marc:subfield>
			<marc:subfield code="r">Steve Rasnic Tem --</marc:subfield>
			<marc:subfield code="t">Fire dog /</marc:subfield>
			<marc:subfield code="r">Joe R. Lansdale --</marc:subfield>
			<marc:subfield code="t">Pure silver /</marc:subfield>
			<marc:subfield code="r">A.C. Crispin and /</marc:subfield>
			<marc:subfield code="r">Kathleen O'Malley --</marc:subfield>
			<marc:subfield code="t">Gift wrap /</marc:subfield>
			<marc:subfield code="r">Charlaine Harris --</marc:subfield>
			<marc:subfield code="t">Side-effects may include /</marc:subfield>
			<marc:subfield code="r">Steve Duffy --</marc:subfield>
			<marc:subfield code="t">Unless you change /</marc:subfield>
			<marc:subfield code="r">Francesca Lia Block --</marc:subfield>
			<marc:subfield code="t">Forgiven /</marc:subfield>
			<marc:subfield code="r">Eric Shapiro --</marc:subfield>
			<marc:subfield code="t">The cold that flays the skin /</marc:subfield>
			<marc:subfield code="r">Tessa Gratton --</marc:subfield>
			<marc:subfield code="t">Il Donnaiolo /</marc:subfield>
			<marc:subfield code="r">Brad C. Hodson --</marc:subfield>
			<marc:subfield code="t">Werewolf 101 /</marc:subfield>
			<marc:subfield code="r">Mercedes M. Yardley --</marc:subfield>
			<marc:subfield code="t">Mandible /</marc:subfield>
			<marc:subfield code="r">Alice Henderson --</marc:subfield>
			<marc:subfield code="t">Far and wee /</marc:subfield>
			<marc:subfield code="r">Kathe Koja --</marc:subfield>
			<marc:subfield code="t">Braids /</marc:subfield>
			<marc:subfield code="r">Melanie Tem --</marc:subfield>
			<marc:subfield code="t">Not from around here /</marc:subfield>
			<marc:subfield code="r">David J. Schow --</marc:subfield>
			<marc:subfield code="t">The skin trade /</marc:subfield>
			<marc:subfield code="r">George R.R. Martin --</marc:subfield>
			<marc:subfield code="t">The animal aspect of her movement /</marc:subfield>
			<marc:subfield code="r">Adam Golaski --</marc:subfield>
			<marc:subfield code="t">Strange skin /</marc:subfield>
			<marc:subfield code="r">Bentley Little --</marc:subfield>
			<marc:subfield code="t">Break-up /</marc:subfield>
			<marc:subfield code="r">Richard Christian Matheson --</marc:subfield>
			<marc:subfield code="t">The better half : a love story /</marc:subfield>
			<marc:subfield code="r">Scott Bradley and /</marc:subfield>
			<marc:subfield code="r">Peter Giglio --</marc:subfield>
			<marc:subfield code="t">Plastic fantastic /</marc:subfield>
			<marc:subfield code="r">Dieter Meyer and /</marc:subfield>
			<marc:subfield code="r">Maxwell Hart --</marc:subfield>
			<marc:subfield code="t">Warm, in your coat /</marc:subfield>
			<marc:subfield code="r">Violet Glaze --</marc:subfield>
			<marc:subfield code="t">All I really need to know I learned in piggy class /</marc:subfield>
			<marc:subfield code="r">Nicole Cushing --</marc:subfield>
			<marc:subfield code="t">Howl of the sheep /</marc:subfield>
			<marc:subfield code="r">Cody Goodfellow --</marc:subfield>
			<marc:subfield code="t">Pieces of Ethan /</marc:subfield>
			<marc:subfield code="r">Adam-Troy Castro --</marc:subfield>
			<marc:subfield code="t">I covet all the waning hours /</marc:subfield>
			<marc:subfield code="r">Zak Jarvis --</marc:subfield>
			<marc:subfield code="t">When Sussurus stirs /</marc:subfield>
			<marc:subfield code="r">Jeremy Robert Johnson --</marc:subfield>
			<marc:subfield code="t">War pig /</marc:subfield>
			<marc:subfield code="r">Carlton Mellick III --</marc:subfield>
			<marc:subfield code="t">Dissertation /</marc:subfield>
			<marc:subfield code="r">Chuck Palahniuk --</marc:subfield>
			<marc:subfield code="t">Only the end of the world again /</marc:subfield>
			<marc:subfield code="r">Neil Gaiman --</marc:subfield>
			<marc:subfield code="t">Sweetheart come /</marc:subfield>
			<marc:subfield code="r">Alethea Kontis --</marc:subfield>
			<marc:subfield code="g">Appendix A : On werewolves : historical roots [essay]</marc:subfield>
			<marc:subfield code="r">Christopher Kampe and Anthony Gambol --</marc:subfield>
			<marc:subfield code="g">Appendix B : It's only natural : werewolves and shapeshifters in popular culture [essay] /</marc:subfield>
			<marc:subfield code="r">John Skipp and /</marc:subfield>
			<marc:subfield code="r">Cody Goodfellow.</marc:subfield>
		</marc:datafield>
		<marc:datafield tag="520" ind1=" " ind2=" ">
			<marc:subfield code="a">Collection of thirty-five short stores featuring werewolves and shapeshifters.</marc:subfield>
		</marc:datafield>
		<marc:datafield tag="650" ind1=" " ind2="4">
			<marc:subfield code="a">Werewolves</marc:subfield>
		</marc:datafield>
		<marc:datafield tag="650" ind1=" " ind2="4">
			<marc:subfield code="a">Shapeshifting</marc:subfield>
		</marc:datafield>
		<marc:datafield tag="650" ind1=" " ind2="4">
			<marc:subfield code="a">Anthologies</marc:subfield>
		</marc:datafield>
		<marc:datafield tag="650" ind1=" " ind2="4">
			<marc:subfield code="a">Horror tales, American</marc:subfield>
		</marc:datafield>
		<marc:datafield tag="655" ind1=" " ind2="4">
			<marc:subfield code="a">Short stories</marc:subfield>
		</marc:datafield>
		<marc:datafield tag="655" ind1=" " ind2="4">
			<marc:subfield code="a">Fiction</marc:subfield>
		</marc:datafield>
		<marc:datafield tag="655" ind1=" " ind2="4">
			<marc:subfield code="a">Horror</marc:subfield>
		</marc:datafield>
		<marc:datafield tag="655" ind1=" " ind2="4">
			<marc:subfield code="a">Fantasy</marc:subfield>
		</marc:datafield>
		<marc:datafield tag="655" ind1=" " ind2="4">
			<marc:subfield code="a">Science fiction</marc:subfield>
		</marc:datafield>
		<marc:datafield tag="655" ind1=" " ind2="4">
			<marc:subfield code="a">Paranormal</marc:subfield>
		</marc:datafield>
		<marc:datafield tag="700" ind1="1" ind2="2">
			<marc:subfield code="a">Lovecraft, H. P.</marc:subfield>
			<marc:subfield code="q">(Howard Phillips)</marc:subfield>
			<marc:subfield code="d">1890-1937</marc:subfield>
			<marc:subfield code="e">contributor</marc:subfield>
			<marc:subfield code="4">ctb</marc:subfield>
			<marc:subfield code="1">http://viaf.org/viaf/66470391</marc:subfield>
		</marc:datafield>
		<marc:datafield tag="700" ind1="1" ind2="2">
			<marc:subfield code="a">Lovecraft, H. P.</marc:subfield>
			<marc:subfield code="q">(Howard Phillips)</marc:subfield>
			<marc:subfield code="d">1890-1937</marc:subfield>
			<marc:subfield code="t">The Shadow over Innsmouth</marc:subfield>
			<marc:subfield code="1">http://viaf.org/viaf/1385145424666686830140</marc:subfield>
		</marc:datafield>
		<marc:datafield tag="019" ind1=" " ind2=" ">
			<marc:subfield code="a">535495548</marc:subfield>
		</marc:datafield>
	</marc:record>