
	<marc:record>
		<marc:leader>02690cam a2200433 a 4500</marc:leader>
		<marc:controlfield tag="001">4573012</marc:controlfield>
		<marc:controlfield tag="005">20120119125003.0</marc:controlfield>
		<marc:controlfield tag="008">101006s2010    enk           000 1 eng d</marc:controlfield>
		<marc:datafield tag="035" ind1=" " ind2=" ">
			<marc:subfield code="a">(OCoLC)ocn668435116</marc:subfield>
		</marc:datafield>
		<marc:datafield tag="040" ind1=" " ind2=" ">
			<marc:subfield code="a">KKS</marc:subfield>
			<marc:subfield code="c">KKS</marc:subfield>
			<marc:subfield code="d">YDXCP</marc:subfield>
			<marc:subfield code="d">OCLCA</marc:subfield>
			<marc:subfield code="d">NLE</marc:subfield>
		</marc:datafield>
		<marc:datafield tag="020" ind1=" " ind2=" ">
			<marc:subfield code="a">9781840226423</marc:subfield>
		</marc:datafield>
		<marc:datafield tag="020" ind1=" " ind2=" ">
			<marc:subfield code="a">1840226420</marc:subfield>
		</marc:datafield>
		<marc:datafield tag="035" ind1=" " ind2=" ">
			<marc:subfield code="a">(OCoLC)668435116</marc:subfield>
		</marc:datafield>
		<marc:datafield tag="050" ind1="1" ind2="4">
			<marc:subfield code="a">PS3523.O833</marc:subfield>
			<marc:subfield code="b">H6 2010</marc:subfield>
		</marc:datafield>
		<marc:datafield tag="049" ind1=" " ind2=" ">
			<marc:subfield code="a">NLES</marc:subfield>
		</marc:datafield>
		<marc:datafield tag="100" ind1="1" ind2=" ">
			<marc:subfield code="a">Lovecraft, H. P.</marc:subfield>
			<marc:subfield code="q">(Howard Phillips)</marc:subfield>
			<marc:subfield code="d">1890-1937</marc:subfield>
			<marc:subfield code="e">author</marc:subfield>
			<marc:subfield code="4">aut</marc:subfield>
			<marc:subfield code="1">http://viaf.org/viaf/66470391</marc:subfield>
		</marc:datafield>
		<marc:datafield tag="245" ind1="1" ind2="4">
			<marc:subfield code="a">The horror in the museum &amp; other stories /</marc:subfield>
			<marc:subfield code="c">H.P. Lovecraft ; selected, with an introduction, by M.J. Elliott.</marc:subfield>
		</marc:datafield>
		<marc:datafield tag="260" ind1=" " ind2=" ">
			<marc:subfield code="a">Ware :</marc:subfield>
			<marc:subfield code="b">Wordsworth Editions,</marc:subfield>
			<marc:subfield code="c">2010.</marc:subfield>
		</marc:datafield>
		<marc:datafield tag="300" ind1=" " ind2=" ">
			<marc:subfield code="a">xiii, 450 pages</marc:subfield>
			<marc:subfield code="c">20 cm.</marc:subfield>
		</marc:datafield>
		<marc:datafield tag="336" ind1=" " ind2=" ">
			<marc:subfield code="a">text</marc:subfield>
			<marc:subfield code="b">txt</marc:subfield>
			<marc:subfield code="2">rdacontent</marc:subfield>
			<marc:subfield code="0">http://id.loc.gov/vocabulary/contentTypes/txt</marc:subfield>
		</marc:datafield>
		<marc:datafield tag="337" ind1=" " ind2=" ">
			<marc:subfield code="a">unmediated</marc:subfield>
			<marc:subfield code="b">n</marc:subfield>
			<marc:subfield code="2">rdamedia</marc:subfield>
			<marc:subfield code="0">http://id.loc.gov/vocabulary/mediaTypes/n</marc:subfield>
		</marc:datafield>
		<marc:datafield tag="338" ind1=" " ind2=" ">
			<marc:subfield code="a">volume</marc:subfield>
			<marc:subfield code="b">nc</marc:subfield>
			<marc:subfield code="2">rdacarrier</marc:subfield>
			<marc:subfield code="0">http://id.loc.gov/vocabulary/carriers/nc</marc:subfield>
		</marc:datafield>
		<marc:datafield tag="380" ind1=" " ind2=" ">
			<marc:subfield code="a">Fiction</marc:subfield>
		</marc:datafield>
		<marc:datafield tag="490" ind1="1" ind2=" ">
			<marc:subfield code="a">Tales of mystery &amp; the supernatural</marc:subfield>
		</marc:datafield>
		<marc:datafield tag="490" ind1="1" ind2=" ">
			<marc:subfield code="a">Collected stories ;</marc:subfield>
			<marc:subfield code="v">v. 2</marc:subfield>
		</marc:datafield>
		<marc:datafield tag="500" ind1=" " ind2=" ">
			<marc:subfield code="a">"This collection represents Lovecraft's most significant collaborations, spanning the period from 1918 to 1936. Some of these tales were rewritten by Lovecraft, based upon another author's earlier draft. Others are entirely his work, though credited to someone else"--Introd.</marc:subfield>
		</marc:datafield>
		<marc:datafield tag="505" ind1="0" ind2=" ">
			<marc:subfield code="a">The green meadow -- Poetry and the gods -- The crawling chaos -- The horror at Martin's Beach -- Imprisoned with the Pharoahs -- Two black bottles -- The thing in the moonlight -- The last test -- The curse of Yig -- The electric executioner -- The mound -- Medusa's coil -- The trap -- The man of stone -- The horror in the museum -- Winged death -- Out of the aeons --The horror in the burying-ground -- Till a' the seas -- The disinterment -- The diary of Alonzo Typer -- Within the walls of Eryx -- The night ocean.</marc:subfield>
		</marc:datafield>
		<marc:datafield tag="650" ind1=" " ind2="4">
			<marc:subfield code="a">Collections</marc:subfield>
		</marc:datafield>
		<marc:datafield tag="650" ind1=" " ind2="4">
			<marc:subfield code="a">Horror tales, American</marc:subfield>
		</marc:datafield>
		<marc:datafield tag="655" ind1=" " ind2="4">
			<marc:subfield code="a">Short stories</marc:subfield>
		</marc:datafield>
		<marc:datafield tag="655" ind1=" " ind2="4">
			<marc:subfield code="a">Fiction</marc:subfield>
		</marc:datafield>
		<marc:datafield tag="655" ind1=" " ind2="4">
			<marc:subfield code="a">Horror</marc:subfield>
		</marc:datafield>
		<marc:datafield tag="655" ind1=" " ind2="4">
			<marc:subfield code="a">Fantasy</marc:subfield>
		</marc:datafield>
		<marc:datafield tag="700" ind1="1" ind2="2">
			<marc:subfield code="a">Lovecraft, H. P.</marc:subfield>
			<marc:subfield code="q">(Howard Phillips)</marc:subfield>
			<marc:subfield code="d">1890-1937</marc:subfield>
			<marc:subfield code="t">The Curse of Yig</marc:subfield>
			<marc:subfield code="1">http://viaf.org/viaf/313404131</marc:subfield>
		</marc:datafield>
		<marc:datafield tag="700" ind1="1" ind2="2">
			<marc:subfield code="a">Lovecraft, H. P.</marc:subfield>
			<marc:subfield code="q">(Howard Phillips)</marc:subfield>
			<marc:subfield code="d">1890-1937</marc:subfield>
			<marc:subfield code="t">The Mound</marc:subfield>
			<marc:subfield code="1">http://viaf.org/viaf/1143154198305020230008</marc:subfield>
		</marc:datafield>
		<marc:datafield tag="700" ind1="1" ind2="2">
			<marc:subfield code="a">Lovecraft, H. P.</marc:subfield>
			<marc:subfield code="q">(Howard Phillips)</marc:subfield>
			<marc:subfield code="d">1890-1937</marc:subfield>
			<marc:subfield code="t">Imprisoned with the Pharaohs</marc:subfield>
			<marc:subfield code="1">http://viaf.org/viaf/316387479</marc:subfield>
		</marc:datafield>
		<marc:datafield tag="700" ind1="1" ind2=" ">
			<marc:subfield code="a">Elliott, M. J.</marc:subfield>
			<marc:subfield code="d">1969-</marc:subfield>
			<marc:subfield code="e">writer of introduction</marc:subfield>
			<marc:subfield code="4">aui</marc:subfield>
			<marc:subfield code="1">http://viaf.org/viaf/199748144</marc:subfield>
		</marc:datafield>
		<marc:datafield tag="800" ind1="1" ind2=" ">
			<marc:subfield code="a">Lovecraft, H. P.</marc:subfield>
			<marc:subfield code="q">(Howard Phillips)</marc:subfield>
			<marc:subfield code="d">1890-1937</marc:subfield>
			<marc:subfield code="t">Short stories ;</marc:subfield>
			<marc:subfield code="v">v. 2.</marc:subfield>
		</marc:datafield>
		<marc:datafield tag="830" ind1=" " ind2="0">
			<marc:subfield code="a">Tales of mystery &amp; the supernatural.</marc:subfield>
			<marc:subfield code="0">http://id.loc.gov/authorities/names/no2009173356</marc:subfield>
		</marc:datafield>
	</marc:record>