
	<marc:record>
		<marc:leader>01931pam a2200433 a 4500</marc:leader>
		<marc:controlfield tag="001">7919214</marc:controlfield>
		<marc:controlfield tag="005">20160830103602.0</marc:controlfield>
		<marc:controlfield tag="008">070824s2008    enka          000 1 eng d</marc:controlfield>
		<marc:datafield tag="015" ind1=" " ind2=" ">
			<marc:subfield code="a">GBA781587</marc:subfield>
			<marc:subfield code="2">bnb</marc:subfield>
		</marc:datafield>
		<marc:datafield tag="020" ind1=" " ind2=" ">
			<marc:subfield code="a">9780575081574 (trade pbk.) :</marc:subfield>
			<marc:subfield code="c">No price</marc:subfield>
		</marc:datafield>
		<marc:datafield tag="020" ind1=" " ind2=" ">
			<marc:subfield code="a">9780575081567 (hbk.) :</marc:subfield>
			<marc:subfield code="c">£20.00</marc:subfield>
		</marc:datafield>
		<marc:datafield tag="020" ind1=" " ind2=" ">
			<marc:subfield code="a">0575081562 :</marc:subfield>
			<marc:subfield code="c">£20.00</marc:subfield>
		</marc:datafield>
		<marc:datafield tag="035" ind1=" " ind2=" ">
			<marc:subfield code="a">(Uk)014057145</marc:subfield>
		</marc:datafield>
		<marc:datafield tag="035" ind1=" " ind2=" ">
			<marc:subfield code="a">1711803</marc:subfield>
		</marc:datafield>
		<marc:datafield tag="040" ind1=" " ind2=" ">
			<marc:subfield code="a">StDuBDS</marc:subfield>
			<marc:subfield code="b">eng</marc:subfield>
			<marc:subfield code="c">StDuBDS</marc:subfield>
			<marc:subfield code="d">Uk</marc:subfield>
		</marc:datafield>
		<marc:datafield tag="042" ind1=" " ind2=" ">
			<marc:subfield code="a">ukblsr</marc:subfield>
		</marc:datafield>
		<marc:datafield tag="082" ind1="0" ind2="4">
			<marc:subfield code="a">813.52</marc:subfield>
			<marc:subfield code="2">22</marc:subfield>
		</marc:datafield>
		<marc:datafield tag="100" ind1="1" ind2=" ">
			<marc:subfield code="a">Lovecraft, H. P.</marc:subfield>
			<marc:subfield code="q">(Howard Phillips)</marc:subfield>
			<marc:subfield code="d">1890-1937</marc:subfield>
			<marc:subfield code="e">author</marc:subfield>
			<marc:subfield code="4">aut</marc:subfield>
			<marc:subfield code="1">http://viaf.org/viaf/66470391</marc:subfield>
		</marc:datafield>
		<marc:datafield tag="245" ind1="1" ind2="4">
			<marc:subfield code="a">The Necronomicon :</marc:subfield>
			<marc:subfield code="b">the best weird tales of H.P. Lovecraft /</marc:subfield>
			<marc:subfield code="c">H.P. Lovecraft ; edited with an afterword by Stephen Jones ; illustrated by Les Edwards.</marc:subfield>
		</marc:datafield>
		<marc:datafield tag="250" ind1=" " ind2=" ">
			<marc:subfield code="a">Commemorative ed.</marc:subfield>
		</marc:datafield>
		<marc:datafield tag="260" ind1=" " ind2=" ">
			<marc:subfield code="a">London :</marc:subfield>
			<marc:subfield code="b">Gollancz,</marc:subfield>
			<marc:subfield code="c">2008.</marc:subfield>
		</marc:datafield>
		<marc:datafield tag="300" ind1=" " ind2=" ">
			<marc:subfield code="a">xii, 878 pages</marc:subfield>
			<marc:subfield code="b">illustrations ;</marc:subfield>
			<marc:subfield code="c">24 cm.</marc:subfield>
		</marc:datafield>
		<marc:datafield tag="336" ind1=" " ind2=" ">
			<marc:subfield code="a">text</marc:subfield>
			<marc:subfield code="b">txt</marc:subfield>
			<marc:subfield code="2">rdacontent</marc:subfield>
			<marc:subfield code="0">http://id.loc.gov/vocabulary/contentTypes/txt</marc:subfield>
		</marc:datafield>
		<marc:datafield tag="337" ind1=" " ind2=" ">
			<marc:subfield code="a">unmediated</marc:subfield>
			<marc:subfield code="b">n</marc:subfield>
			<marc:subfield code="2">rdamedia</marc:subfield>
			<marc:subfield code="0">http://id.loc.gov/vocabulary/mediaTypes/n</marc:subfield>
		</marc:datafield>
		<marc:datafield tag="338" ind1=" " ind2=" ">
			<marc:subfield code="a">volume</marc:subfield>
			<marc:subfield code="b">nc</marc:subfield>
			<marc:subfield code="2">rdacarrier</marc:subfield>
			<marc:subfield code="0">http://id.loc.gov/vocabulary/carriers/nc</marc:subfield>
		</marc:datafield>
		<marc:datafield tag="380" ind1=" " ind2=" ">
			<marc:subfield code="a">Fiction</marc:subfield>
		</marc:datafield>
		<marc:datafield tag="500" ind1=" " ind2=" ">
			<marc:subfield code="a">Limited edition of 750 copies.</marc:subfield>
		</marc:datafield>
		<marc:datafield tag="500" ind1=" " ind2=" ">
			<marc:subfield code="a">Formerly CIP.</marc:subfield>
			<marc:subfield code="5">Uk</marc:subfield>
		</marc:datafield>
		<marc:datafield tag="650" ind1=" " ind2="4">
			<marc:subfield code="a">Collections</marc:subfield>
		</marc:datafield>
		<marc:datafield tag="650" ind1=" " ind2="4">
			<marc:subfield code="a">Horror tales, American</marc:subfield>
		</marc:datafield>
		<marc:datafield tag="655" ind1=" " ind2="4">
			<marc:subfield code="a">Short stories</marc:subfield>
		</marc:datafield>
		<marc:datafield tag="655" ind1=" " ind2="4">
			<marc:subfield code="a">Fiction</marc:subfield>
		</marc:datafield>
		<marc:datafield tag="655" ind1=" " ind2="4">
			<marc:subfield code="a">Horror</marc:subfield>
		</marc:datafield>
		<marc:datafield tag="655" ind1=" " ind2="4">
			<marc:subfield code="a">Fantasy</marc:subfield>
		</marc:datafield>
		<marc:datafield tag="700" ind1="1" ind2="2">
			<marc:subfield code="a">Lovecraft, H. P.</marc:subfield>
			<marc:subfield code="q">(Howard Phillips)</marc:subfield>
			<marc:subfield code="d">1890-1937</marc:subfield>
			<marc:subfield code="t">The Horror of Red Hook</marc:subfield>
			<marc:subfield code="1">http://www.isfdb.org/cgi-bin/title.cgi?41895</marc:subfield>
		</marc:datafield>
		<marc:datafield tag="700" ind1="1" ind2="2">
			<marc:subfield code="a">Lovecraft, H. P.</marc:subfield>
			<marc:subfield code="q">(Howard Phillips)</marc:subfield>
			<marc:subfield code="d">1890-1937</marc:subfield>
			<marc:subfield code="t">From Beyond</marc:subfield>
			<marc:subfield code="1">http://www.isfdb.org/cgi-bin/title.cgi?41874</marc:subfield>
		</marc:datafield>
		<marc:datafield tag="700" ind1="1" ind2="2">
			<marc:subfield code="a">Lovecraft, H. P.</marc:subfield>
			<marc:subfield code="q">(Howard Phillips)</marc:subfield>
			<marc:subfield code="d">1890-1937</marc:subfield>
			<marc:subfield code="t">The Shadow Out of Time</marc:subfield>
			<marc:subfield code="1">http://www.isfdb.org/cgi-bin/title.cgi?47935</marc:subfield>
		</marc:datafield>
		<marc:datafield tag="700" ind1="1" ind2=" ">
			<marc:subfield code="a">Jones, Stephen</marc:subfield>
			<marc:subfield code="d">1953-</marc:subfield>
			<marc:subfield code="e">editor</marc:subfield>
			<marc:subfield code="4">edt</marc:subfield>
			<marc:subfield code="1">http://viaf.org/viaf/114046456</marc:subfield>
		</marc:datafield>
		<marc:datafield tag="700" ind1="1" ind2=" ">
			<marc:subfield code="a">Edwards, Les</marc:subfield>
			<marc:subfield code="d">1949-</marc:subfield>
			<marc:subfield code="e">illustrator</marc:subfield>
			<marc:subfield code="4">ill</marc:subfield>
			<marc:subfield code="1">http://viaf.org/viaf/85677851</marc:subfield>
		</marc:datafield>
	</marc:record>