
	<marc:record>
		<marc:leader>01635 am a2200385 x 4500</marc:leader>
		<marc:controlfield tag="001">2245704</marc:controlfield>
		<marc:controlfield tag="008">780121r19771968enk     w     0001j eng b</marc:controlfield>
		<marc:datafield tag="010" ind1=" " ind2=" ">
			<marc:subfield code="a">b  78003742</marc:subfield>
		</marc:datafield>
		<marc:datafield tag="015" ind1=" " ind2=" ">
			<marc:subfield code="a">B7803742</marc:subfield>
		</marc:datafield>
		<marc:datafield tag="020" ind1="0" ind2="0">
			<marc:subfield code="a">0575001100</marc:subfield>
			<marc:subfield code="c">v</marc:subfield>
		</marc:datafield>
		<marc:datafield tag="035" ind1=" " ind2=" ">
			<marc:subfield code="9">1479-35760</marc:subfield>
		</marc:datafield>
		<marc:datafield tag="082" ind1="0" ind2="0">
			<marc:subfield code="a">823/.9/1</marc:subfield>
			<marc:subfield code="d">FS</marc:subfield>
			<marc:subfield code="2">18</marc:subfield>
		</marc:datafield>
		<marc:datafield tag="087" ind1="0" ind2="0">
			<marc:subfield code="a">Nov.35697</marc:subfield>
			<marc:subfield code="b">Woolwich</marc:subfield>
		</marc:datafield>
		<marc:datafield tag="100" ind1="1" ind2=" ">
			<marc:subfield code="a">Lovecraft, H. P.</marc:subfield>
			<marc:subfield code="q">(Howard Phillips)</marc:subfield>
			<marc:subfield code="d">1890-1937</marc:subfield>
			<marc:subfield code="e">author</marc:subfield>
			<marc:subfield code="4">aut</marc:subfield>
			<marc:subfield code="1">http://viaf.org/viaf/66470391</marc:subfield>
		</marc:datafield>
		<marc:datafield tag="245" ind1="1" ind2="4">
			<marc:subfield code="a">The Shadow out of Time, and Other Tales of Horror</marc:subfield>
			<marc:subfield code="c">by H.P. Lovecraft and August Derleth</marc:subfield>
		</marc:datafield>
		<marc:datafield tag="260" ind1=" " ind2=" ">
			<marc:subfield code="a">London</marc:subfield>
			<marc:subfield code="b">Gollancz</marc:subfield>
			<marc:subfield code="c">1977</marc:subfield>
		</marc:datafield>
		<marc:datafield tag="300" ind1=" " ind2=" ">
			<marc:subfield code="a">384 pages</marc:subfield>
			<marc:subfield code="c">21cm</marc:subfield>
		</marc:datafield>
		<marc:datafield tag="336" ind1=" " ind2=" ">
			<marc:subfield code="a">text</marc:subfield>
			<marc:subfield code="b">txt</marc:subfield>
			<marc:subfield code="2">rdacontent</marc:subfield>
			<marc:subfield code="0">http://id.loc.gov/vocabulary/contentTypes/txt</marc:subfield>
		</marc:datafield>
		<marc:datafield tag="337" ind1=" " ind2=" ">
			<marc:subfield code="a">unmediated</marc:subfield>
			<marc:subfield code="b">n</marc:subfield>
			<marc:subfield code="2">rdamedia</marc:subfield>
			<marc:subfield code="0">http://id.loc.gov/vocabulary/mediaTypes/n</marc:subfield>
		</marc:datafield>
		<marc:datafield tag="338" ind1=" " ind2=" ">
			<marc:subfield code="a">volume</marc:subfield>
			<marc:subfield code="b">nc</marc:subfield>
			<marc:subfield code="2">rdacarrier</marc:subfield>
			<marc:subfield code="0">http://id.loc.gov/vocabulary/carriers/nc</marc:subfield>
		</marc:datafield>
		<marc:datafield tag="350" ind1="0" ind2="0">
			<marc:subfield code="a">£4.20</marc:subfield>
		</marc:datafield>
		<marc:datafield tag="380" ind1=" " ind2=" ">
			<marc:subfield code="a">Short story</marc:subfield>
		</marc:datafield>
		<marc:datafield tag="490" ind1="0" ind2=" ">
			<marc:subfield code="a">[Gollancz fantasy &amp; macabre]</marc:subfield>
		</marc:datafield>
		<marc:datafield tag="500" ind1=" " ind2=" ">
			<marc:subfield code="a">This collection originally published: 1968</marc:subfield>
		</marc:datafield>
		<marc:datafield tag="511" ind1="0" ind2=" ">
			<marc:subfield code="a">ISBN 0-575-00110-0</marc:subfield>
		</marc:datafield>
		<marc:datafield tag="650" ind1=" " ind2="4">
			<marc:subfield code="a">Collections</marc:subfield>
		</marc:datafield>
		<marc:datafield tag="650" ind1=" " ind2="4">
			<marc:subfield code="a">Horror tales, American</marc:subfield>
		</marc:datafield>
		<marc:datafield tag="655" ind1=" " ind2="4">
			<marc:subfield code="a">Short stories</marc:subfield>
		</marc:datafield>
		<marc:datafield tag="655" ind1=" " ind2="4">
			<marc:subfield code="a">Fiction</marc:subfield>
		</marc:datafield>
		<marc:datafield tag="655" ind1=" " ind2="4">
			<marc:subfield code="a">Horror</marc:subfield>
		</marc:datafield>
		<marc:datafield tag="655" ind1=" " ind2="4">
			<marc:subfield code="a">Fantasy</marc:subfield>
		</marc:datafield>
		<marc:datafield tag="700" ind1="1" ind2="2">
			<marc:subfield code="a">Lovecraft, H. P.</marc:subfield>
			<marc:subfield code="q">(Howard Phillips)</marc:subfield>
			<marc:subfield code="d">1890-1937</marc:subfield>
			<marc:subfield code="t">In the Vault</marc:subfield>
			<marc:subfield code="1">http://www.isfdb.org/cgi-bin/title.cgi?41896</marc:subfield>
		</marc:datafield>
		<marc:datafield tag="700" ind1="1" ind2="2">
			<marc:subfield code="a">Lovecraft, H. P.</marc:subfield>
			<marc:subfield code="q">(Howard Phillips)</marc:subfield>
			<marc:subfield code="d">1890-1937</marc:subfield>
			<marc:subfield code="t">Cool Air</marc:subfield>
			<marc:subfield code="1">http://www.isfdb.org/cgi-bin/title.cgi?41898</marc:subfield>
		</marc:datafield>
		<marc:datafield tag="700" ind1="1" ind2="2">
			<marc:subfield code="a">Lovecraft, H. P.</marc:subfield>
			<marc:subfield code="q">(Howard Phillips)</marc:subfield>
			<marc:subfield code="d">1890-1937</marc:subfield>
			<marc:subfield code="t">The Terrible Old Man</marc:subfield>
			<marc:subfield code="1">http://www.isfdb.org/cgi-bin/title.cgi?41877</marc:subfield>
		</marc:datafield>
		<marc:datafield tag="700" ind1="1" ind2=" ">
			<marc:subfield code="a">Derleth, August William</marc:subfield>
			<marc:subfield code="d">1909-1971</marc:subfield>
			<marc:subfield code="e">author</marc:subfield>
			<marc:subfield code="4">aut</marc:subfield>
			<marc:subfield code="1">http://viaf.org/viaf/12307238</marc:subfield>
		</marc:datafield>
	</marc:record>