
	<marc:record>
		<marc:leader>01663nam a22003732i 4500</marc:leader>
		<marc:controlfield tag="001">011434308</marc:controlfield>
		<marc:controlfield tag="003">UkOxU</marc:controlfield>
		<marc:controlfield tag="005">20050905103740.0</marc:controlfield>
		<marc:controlfield tag="008">500101t19771963enk           000 1 eng d</marc:controlfield>
		<marc:datafield tag="010" ind1=" " ind2=" ">
			<marc:subfield code="a">GB77-31533</marc:subfield>
		</marc:datafield>
		<marc:datafield tag="020" ind1=" " ind2=" ">
			<marc:subfield code="a">0722129181 (pbk):)</marc:subfield>
		</marc:datafield>
		<marc:datafield tag="035" ind1=" " ind2=" ">
			<marc:subfield code="a">OCLC ocm04241301 from D950717M</marc:subfield>
		</marc:datafield>
		<marc:datafield tag="040" ind1=" " ind2=" ">
			<marc:subfield code="a">RBN</marc:subfield>
			<marc:subfield code="c">RBN</marc:subfield>
			<marc:subfield code="d">UKM</marc:subfield>
			<marc:subfield code="d">EQO</marc:subfield>
		</marc:datafield>
		<marc:datafield tag="082" ind1=" " ind2=" ">
			<marc:subfield code="a">823/.9/1</marc:subfield>
			<marc:subfield code="2">18</marc:subfield>
		</marc:datafield>
		<marc:datafield tag="092" ind1=" " ind2=" ">
			<marc:subfield code="a">D0502768393</marc:subfield>
		</marc:datafield>
		<marc:datafield tag="100" ind1="1" ind2=" ">
			<marc:subfield code="a">Derleth, August William</marc:subfield>
			<marc:subfield code="d">1909-1971</marc:subfield>
			<marc:subfield code="e">author</marc:subfield>
			<marc:subfield code="4">aut</marc:subfield>
			<marc:subfield code="1">http://viaf.org/viaf/12307238</marc:subfield>
		</marc:datafield>
		<marc:datafield tag="240" ind1=" " ind2=" ">
			<marc:subfield code="a">When Evil Wakes</marc:subfield>
			<marc:subfield code="1">http://www.isfdb.org/cgi-bin/pl.cgi?270284</marc:subfield>
		</marc:datafield>
		<marc:datafield tag="245" ind1="0" ind2="0">
			<marc:subfield code="a">When evil wakes :</marc:subfield>
			<marc:subfield code="b">an anthology of the macabre /</marc:subfield>
			<marc:subfield code="c">edited by August Derleth</marc:subfield>
		</marc:datafield>
		<marc:datafield tag="260" ind1=" " ind2=" ">
			<marc:subfield code="a">London :</marc:subfield>
			<marc:subfield code="b">Sphere Books,</marc:subfield>
			<marc:subfield code="c">1977, c1963</marc:subfield>
		</marc:datafield>
		<marc:datafield tag="300" ind1=" " ind2=" ">
			<marc:subfield code="a">255 pages</marc:subfield>
			<marc:subfield code="c">18 cm</marc:subfield>
		</marc:datafield>
		<marc:datafield tag="336" ind1=" " ind2=" ">
			<marc:subfield code="a">text</marc:subfield>
			<marc:subfield code="b">txt</marc:subfield>
			<marc:subfield code="2">rdacontent</marc:subfield>
			<marc:subfield code="0">http://id.loc.gov/vocabulary/contentTypes/txt</marc:subfield>
		</marc:datafield>
		<marc:datafield tag="337" ind1=" " ind2=" ">
			<marc:subfield code="a">unmediated</marc:subfield>
			<marc:subfield code="b">n</marc:subfield>
			<marc:subfield code="2">rdamedia</marc:subfield>
			<marc:subfield code="0">http://id.loc.gov/vocabulary/mediaTypes/n</marc:subfield>
		</marc:datafield>
		<marc:datafield tag="338" ind1=" " ind2=" ">
			<marc:subfield code="a">volume</marc:subfield>
			<marc:subfield code="b">nc</marc:subfield>
			<marc:subfield code="2">rdacarrier</marc:subfield>
			<marc:subfield code="0">http://id.loc.gov/vocabulary/carriers/nc</marc:subfield>
		</marc:datafield>
		<marc:datafield tag="380" ind1=" " ind2=" ">
			<marc:subfield code="a">Fiction</marc:subfield>
		</marc:datafield>
		<marc:datafield tag="500" ind1=" " ind2=" ">
			<marc:subfield code="a">Includes H. P. Lovecraft's The Horror at Red Hook (pages 144-165); and The Shuttered room, by H. P. Lovecraft and August Derleth (pages 218-250)</marc:subfield>
		</marc:datafield>
		<marc:datafield tag="650" ind1=" " ind2="4">
			<marc:subfield code="a">Horror tales</marc:subfield>
		</marc:datafield>
		<marc:datafield tag="650" ind1=" " ind2="4">
			<marc:subfield code="a">Anthologies</marc:subfield>
		</marc:datafield>
		<marc:datafield tag="655" ind1=" " ind2="4">
			<marc:subfield code="a">Fiction</marc:subfield>
		</marc:datafield>
		<marc:datafield tag="655" ind1=" " ind2="4">
			<marc:subfield code="a">Horror</marc:subfield>
		</marc:datafield>
		<marc:datafield tag="655" ind1=" " ind2="4">
			<marc:subfield code="a">Fantasy</marc:subfield>
		</marc:datafield>
		<marc:datafield tag="655" ind1=" " ind2="4">
			<marc:subfield code="a">Short stories</marc:subfield>
		</marc:datafield>
		<marc:datafield tag="700" ind1="1" ind2="2">
			<marc:subfield code="a">Lovecraft, H. P.</marc:subfield>
			<marc:subfield code="q">(Howard Phillips)</marc:subfield>
			<marc:subfield code="d">1890-1937</marc:subfield>
			<marc:subfield code="e">contributor</marc:subfield>
			<marc:subfield code="4">ctb</marc:subfield>
			<marc:subfield code="1">http://viaf.org/viaf/66470391</marc:subfield>
		</marc:datafield>
		<marc:datafield tag="700" ind1="1" ind2="2">
			<marc:subfield code="a">Lovecraft, H. P.</marc:subfield>
			<marc:subfield code="q">(Howard Phillips)</marc:subfield>
			<marc:subfield code="d">1890-1937</marc:subfield>
			<marc:subfield code="t">The Horror of Red Hook</marc:subfield>
			<marc:subfield code="1">http://www.isfdb.org/cgi-bin/title.cgi?41895</marc:subfield>
		</marc:datafield>
		<marc:datafield tag="700" ind1="1" ind2="2">
			<marc:subfield code="a">Lovecraft, H. P.</marc:subfield>
			<marc:subfield code="q">(Howard Phillips)</marc:subfield>
			<marc:subfield code="d">1890-1937</marc:subfield>
			<marc:subfield code="t">The Shuttered Room</marc:subfield>
			<marc:subfield code="1">http://www.isfdb.org/cgi-bin/title.cgi?63914</marc:subfield>
		</marc:datafield>
	</marc:record>