
	<marc:record>
		<marc:leader>01476nam a22003612i 4500</marc:leader>
		<marc:controlfield tag="001">011563392</marc:controlfield>
		<marc:controlfield tag="003">UkOxU</marc:controlfield>
		<marc:controlfield tag="005">20110705033348.0</marc:controlfield>
		<marc:controlfield tag="008">860101s1969    nyu           000 1 eng d</marc:controlfield>
		<marc:datafield tag="035" ind1=" " ind2=" ">
			<marc:subfield code="a">OCLC ocm01813576 from D950928M</marc:subfield>
		</marc:datafield>
		<marc:datafield tag="040" ind1=" " ind2=" ">
			<marc:subfield code="a">RBN</marc:subfield>
			<marc:subfield code="c">RBN</marc:subfield>
			<marc:subfield code="d">EQO</marc:subfield>
		</marc:datafield>
		<marc:datafield tag="090" ind1=" " ind2=" ">
			<marc:subfield code="a">PS3523.O82</marc:subfield>
			<marc:subfield code="b">Z99 H14, 1969</marc:subfield>
		</marc:datafield>
		<marc:datafield tag="092" ind1=" " ind2=" ">
			<marc:subfield code="a">D0503065517</marc:subfield>
		</marc:datafield>
		<marc:datafield tag="100" ind1="1" ind2=" ">
			<marc:subfield code="a">Haining, Peter</marc:subfield>
			<marc:subfield code="e">editor</marc:subfield>
			<marc:subfield code="4">edt</marc:subfield>
			<marc:subfield code="1">http://viaf.org/viaf/56712957</marc:subfield>
		</marc:datafield>
		<marc:datafield tag="240" ind1=" " ind2=" ">
			<marc:subfield code="a">The Unspeakable People</marc:subfield>
			<marc:subfield code="1">http://www.isfdb.org/cgi-bin/pl.cgi?49177</marc:subfield>
		</marc:datafield>
		<marc:datafield tag="245" ind1="1" ind2="4">
			<marc:subfield code="a">The unspeakable people :</marc:subfield>
			<marc:subfield code="b">being twenty of the world's best horror stories /</marc:subfield>
			<marc:subfield code="c">with a foreword by August Derleth</marc:subfield>
		</marc:datafield>
		<marc:datafield tag="260" ind1=" " ind2=" ">
			<marc:subfield code="a">New York :</marc:subfield>
			<marc:subfield code="b">Popular Library,</marc:subfield>
			<marc:subfield code="c">[1969]</marc:subfield>
		</marc:datafield>
		<marc:datafield tag="300" ind1=" " ind2=" ">
			<marc:subfield code="a">207 pages</marc:subfield>
			<marc:subfield code="c">18 cm</marc:subfield>
		</marc:datafield>
		<marc:datafield tag="336" ind1=" " ind2=" ">
			<marc:subfield code="a">text</marc:subfield>
			<marc:subfield code="b">txt</marc:subfield>
			<marc:subfield code="2">rdacontent</marc:subfield>
			<marc:subfield code="0">http://id.loc.gov/vocabulary/contentTypes/txt</marc:subfield>
		</marc:datafield>
		<marc:datafield tag="337" ind1=" " ind2=" ">
			<marc:subfield code="a">unmediated</marc:subfield>
			<marc:subfield code="b">n</marc:subfield>
			<marc:subfield code="2">rdamedia</marc:subfield>
			<marc:subfield code="0">http://id.loc.gov/vocabulary/mediaTypes/n</marc:subfield>
		</marc:datafield>
		<marc:datafield tag="338" ind1=" " ind2=" ">
			<marc:subfield code="a">volume</marc:subfield>
			<marc:subfield code="b">nc</marc:subfield>
			<marc:subfield code="2">rdacarrier</marc:subfield>
			<marc:subfield code="0">http://id.loc.gov/vocabulary/carriers/nc</marc:subfield>
		</marc:datafield>
		<marc:datafield tag="380" ind1=" " ind2=" ">
			<marc:subfield code="a">Fiction</marc:subfield>
		</marc:datafield>
		<marc:datafield tag="490" ind1="1" ind2=" ">
			<marc:subfield code="a">Popular library edition</marc:subfield>
		</marc:datafield>
		<marc:datafield tag="500" ind1=" " ind2=" ">
			<marc:subfield code="a">"The outsider [by] H.P. Lovecraft" : pages 67-73</marc:subfield>
		</marc:datafield>
		<marc:datafield tag="650" ind1=" " ind2="4">
			<marc:subfield code="a">Horror tales</marc:subfield>
		</marc:datafield>
		<marc:datafield tag="650" ind1=" " ind2="4">
			<marc:subfield code="a">Anthologies</marc:subfield>
		</marc:datafield>
		<marc:datafield tag="655" ind1=" " ind2="4">
			<marc:subfield code="a">Fiction</marc:subfield>
		</marc:datafield>
		<marc:datafield tag="655" ind1=" " ind2="4">
			<marc:subfield code="a">Horror</marc:subfield>
		</marc:datafield>
		<marc:datafield tag="655" ind1=" " ind2="4">
			<marc:subfield code="a">Fantasy</marc:subfield>
		</marc:datafield>
		<marc:datafield tag="655" ind1=" " ind2="4">
			<marc:subfield code="a">Short stories</marc:subfield>
		</marc:datafield>
		<marc:datafield tag="700" ind1="1" ind2="2">
			<marc:subfield code="a">Lovecraft, H. P.</marc:subfield>
			<marc:subfield code="q">(Howard Phillips)</marc:subfield>
			<marc:subfield code="d">1890-1937</marc:subfield>
			<marc:subfield code="e">contributor</marc:subfield>
			<marc:subfield code="4">ctb</marc:subfield>
			<marc:subfield code="1">http://viaf.org/viaf/66470391</marc:subfield>
		</marc:datafield>
		<marc:datafield tag="700" ind1="1" ind2="2">
			<marc:subfield code="a">Lovecraft, H. P.</marc:subfield>
			<marc:subfield code="q">(Howard Phillips)</marc:subfield>
			<marc:subfield code="d">1890-1937</marc:subfield>
			<marc:subfield code="t">The Outsider</marc:subfield>
			<marc:subfield code="1">http://www.isfdb.org/cgi-bin/title.cgi?41883</marc:subfield>
		</marc:datafield>
		<marc:datafield tag="830" ind1=" " ind2="0">
			<marc:subfield code="a">Popular library edition</marc:subfield>
		</marc:datafield>
	</marc:record>