
	<marc:record>
		<marc:leader>01669nam a22003852i 4500</marc:leader>
		<marc:controlfield tag="001">011907399</marc:controlfield>
		<marc:controlfield tag="003">UkOxU</marc:controlfield>
		<marc:controlfield tag="005">20110704212148.0</marc:controlfield>
		<marc:controlfield tag="008">860101s1964    nyu           000 1 eng d</marc:controlfield>
		<marc:datafield tag="035" ind1=" " ind2=" ">
			<marc:subfield code="a">OCLC ocm01813571 from D960430M</marc:subfield>
		</marc:datafield>
		<marc:datafield tag="040" ind1=" " ind2=" ">
			<marc:subfield code="a">RBN</marc:subfield>
			<marc:subfield code="c">RBN</marc:subfield>
			<marc:subfield code="d">EQO</marc:subfield>
		</marc:datafield>
		<marc:datafield tag="090" ind1=" " ind2=" ">
			<marc:subfield code="a">PS3523.O82</marc:subfield>
			<marc:subfield code="b">Z99 M29</marc:subfield>
		</marc:datafield>
		<marc:datafield tag="092" ind1=" " ind2=" ">
			<marc:subfield code="a">D0503869501</marc:subfield>
		</marc:datafield>
		<marc:datafield tag="100" ind1="1" ind2=" ">
			<marc:subfield code="a">Margulies, Leo</marc:subfield>
			<marc:subfield code="d">1900-1975</marc:subfield>
			<marc:subfield code="e">editor</marc:subfield>
			<marc:subfield code="4">edt</marc:subfield>
			<marc:subfield code="1">http://viaf.org/viaf/20172435</marc:subfield>
		</marc:datafield>
		<marc:datafield tag="240" ind1=" " ind2=" ">
			<marc:subfield code="a">Weird Tales</marc:subfield>
			<marc:subfield code="1">http://www.isfdb.org/cgi-bin/pl.cgi?54154</marc:subfield>
		</marc:datafield>
		<marc:datafield tag="245" ind1="0" ind2="0">
			<marc:subfield code="a">Weird tales :</marc:subfield>
			<marc:subfield code="b">stories of fantasy /</marc:subfield>
			<marc:subfield code="c">edited and with an introduction by Leo Margulies</marc:subfield>
		</marc:datafield>
		<marc:datafield tag="260" ind1=" " ind2=" ">
			<marc:subfield code="a">New York :</marc:subfield>
			<marc:subfield code="b">Pyramid Publications,</marc:subfield>
			<marc:subfield code="c">1964]</marc:subfield>
		</marc:datafield>
		<marc:datafield tag="300" ind1=" " ind2=" ">
			<marc:subfield code="a">155 pages</marc:subfield>
			<marc:subfield code="c">18 cm</marc:subfield>
		</marc:datafield>
		<marc:datafield tag="336" ind1=" " ind2=" ">
			<marc:subfield code="a">text</marc:subfield>
			<marc:subfield code="b">txt</marc:subfield>
			<marc:subfield code="2">rdacontent</marc:subfield>
			<marc:subfield code="0">http://id.loc.gov/vocabulary/contentTypes/txt</marc:subfield>
		</marc:datafield>
		<marc:datafield tag="337" ind1=" " ind2=" ">
			<marc:subfield code="a">unmediated</marc:subfield>
			<marc:subfield code="b">n</marc:subfield>
			<marc:subfield code="2">rdamedia</marc:subfield>
			<marc:subfield code="0">http://id.loc.gov/vocabulary/mediaTypes/n</marc:subfield>
		</marc:datafield>
		<marc:datafield tag="338" ind1=" " ind2=" ">
			<marc:subfield code="a">volume</marc:subfield>
			<marc:subfield code="b">nc</marc:subfield>
			<marc:subfield code="2">rdacarrier</marc:subfield>
			<marc:subfield code="0">http://id.loc.gov/vocabulary/carriers/nc</marc:subfield>
		</marc:datafield>
		<marc:datafield tag="380" ind1=" " ind2=" ">
			<marc:subfield code="a">Fiction</marc:subfield>
		</marc:datafield>
		<marc:datafield tag="490" ind1="1" ind2=" ">
			<marc:subfield code="a">Pyramid book ;</marc:subfield>
			<marc:subfield code="v">R-1029</marc:subfield>
		</marc:datafield>
		<marc:datafield tag="500" ind1=" " ind2=" ">
			<marc:subfield code="a">"The stories in this collection appeared in Weird tales magazine."</marc:subfield>
		</marc:datafield>
		<marc:datafield tag="500" ind1=" " ind2=" ">
			<marc:subfield code="a">"The strange high house in the mist [by] H.P. Lovecraft": pages 91-100</marc:subfield>
		</marc:datafield>
		<marc:datafield tag="650" ind1=" " ind2="4">
			<marc:subfield code="a">Horror tales</marc:subfield>
		</marc:datafield>
		<marc:datafield tag="650" ind1=" " ind2="4">
			<marc:subfield code="a">Anthologies</marc:subfield>
		</marc:datafield>
		<marc:datafield tag="655" ind1=" " ind2="4">
			<marc:subfield code="a">Fiction</marc:subfield>
		</marc:datafield>
		<marc:datafield tag="655" ind1=" " ind2="4">
			<marc:subfield code="a">Horror</marc:subfield>
		</marc:datafield>
		<marc:datafield tag="655" ind1=" " ind2="4">
			<marc:subfield code="a">Fantasy</marc:subfield>
		</marc:datafield>
		<marc:datafield tag="655" ind1=" " ind2="4">
			<marc:subfield code="a">Short stories</marc:subfield>
		</marc:datafield>
		<marc:datafield tag="700" ind1="1" ind2="2">
			<marc:subfield code="a">Lovecraft, H. P.</marc:subfield>
			<marc:subfield code="q">(Howard Phillips)</marc:subfield>
			<marc:subfield code="d">1890-1937</marc:subfield>
			<marc:subfield code="t">The Strange High House in the Mist</marc:subfield>
			<marc:subfield code="1">http://www.isfdb.org/cgi-bin/title.cgi?41901</marc:subfield>
		</marc:datafield>
		<marc:datafield tag="700" ind1="1" ind2="2">
			<marc:subfield code="a">Lovecraft, H. P.</marc:subfield>
			<marc:subfield code="q">(Howard Phillips)</marc:subfield>
			<marc:subfield code="d">1890-1937</marc:subfield>
			<marc:subfield code="e">contributor</marc:subfield>
			<marc:subfield code="4">ctb</marc:subfield>
			<marc:subfield code="1">http://viaf.org/viaf/66470391</marc:subfield>
		</marc:datafield>
		<marc:datafield tag="700" ind1="1" ind2="2">
			<marc:subfield code="t">Strange high house in the mist</marc:subfield>
		</marc:datafield>
		<marc:datafield tag="830" ind1=" " ind2="0">
			<marc:subfield code="a">Pyramid book ;</marc:subfield>
			<marc:subfield code="v">R-1029</marc:subfield>
			<marc:subfield code="0">http://id.loc.gov/authorities/names/no99072063</marc:subfield>
		</marc:datafield>
	</marc:record>