
	<marc:record>
		<marc:leader>02520cmm a2200469 a 4500</marc:leader>
		<marc:controlfield tag="001">017219437</marc:controlfield>
		<marc:controlfield tag="003">UkOxU</marc:controlfield>
		<marc:controlfield tag="005">20120315104230.0</marc:controlfield>
		<marc:controlfield tag="007">co cga---mnnun</marc:controlfield>
		<marc:controlfield tag="008">090413s2008    cau     q  m        eng d</marc:controlfield>
		<marc:datafield tag="035" ind1=" " ind2=" ">
			<marc:subfield code="a">(OCoLC)ocn318358484</marc:subfield>
		</marc:datafield>
		<marc:datafield tag="035" ind1=" " ind2=" ">
			<marc:subfield code="a">(OCoLC)318358484</marc:subfield>
		</marc:datafield>
		<marc:datafield tag="035" ind1=" " ind2=" ">
			<marc:subfield code="a">(UkCU)4752294</marc:subfield>
		</marc:datafield>
		<marc:datafield tag="035" ind1=" " ind2=" ">
			<marc:subfield code="a">(UkLCURL)014752294</marc:subfield>
		</marc:datafield>
		<marc:datafield tag="038" ind1=" " ind2=" ">
			<marc:subfield code="a">OCoLC</marc:subfield>
		</marc:datafield>
		<marc:datafield tag="040" ind1=" " ind2=" ">
			<marc:subfield code="a">NOG</marc:subfield>
			<marc:subfield code="c">NOG</marc:subfield>
			<marc:subfield code="d">UkOxU</marc:subfield>
		</marc:datafield>
		<marc:datafield tag="049" ind1=" " ind2=" ">
			<marc:subfield code="j">CU</marc:subfield>
			<marc:subfield code="k">014752294</marc:subfield>
			<marc:subfield code="l">o</marc:subfield>
		</marc:datafield>
		<marc:datafield tag="090" ind1=" " ind2=" ">
			<marc:subfield code="a">Cam</marc:subfield>
			<marc:subfield code="b">AV.26.746</marc:subfield>
		</marc:datafield>
		<marc:datafield tag="100" ind1="1" ind2=" ">
			<marc:subfield code="a">Maclean, Paul</marc:subfield>
			<marc:subfield code="e">author</marc:subfield>
			<marc:subfield code="4">aut</marc:subfield>
		</marc:datafield>
		<marc:datafield tag="245" ind1="0" ind2="4">
			<marc:subfield code="a">The Bradford Players present Lovecraftian tales from the table</marc:subfield>
			<marc:subfield code="h">[electronic resource] :</marc:subfield>
			<marc:subfield code="b">Horror on the Orient Express &amp; The masks of Nyarlathotep.</marc:subfield>
		</marc:datafield>
		<marc:datafield tag="246" ind1="3" ind2="0">
			<marc:subfield code="a">Lovecraftian tales from the table</marc:subfield>
			<marc:subfield code="h">[electronic resource]</marc:subfield>
		</marc:datafield>
		<marc:datafield tag="260" ind1=" " ind2=" ">
			<marc:subfield code="a">[California? :</marc:subfield>
			<marc:subfield code="b">Chaosium,</marc:subfield>
			<marc:subfield code="c">2008]</marc:subfield>
		</marc:datafield>
		<marc:datafield tag="300" ind1=" " ind2=" ">
			<marc:subfield code="a">1 DVD-ROM :</marc:subfield>
			<marc:subfield code="b">sound, color ;</marc:subfield>
			<marc:subfield code="c">4 3/4 in.</marc:subfield>
		</marc:datafield>
		<marc:datafield tag="336" ind1=" " ind2=" ">
			<marc:subfield code="a">computer dataset</marc:subfield>
			<marc:subfield code="b">cod</marc:subfield>
			<marc:subfield code="2">rdacontent</marc:subfield>
			<marc:subfield code="0">http://id.loc.gov/vocabulary/contentTypes/cod</marc:subfield>
		</marc:datafield>
		<marc:datafield tag="337" ind1=" " ind2=" ">
			<marc:subfield code="a">computer</marc:subfield>
			<marc:subfield code="b">c</marc:subfield>
			<marc:subfield code="2">rdamedia</marc:subfield>
			<marc:subfield code="0">http://id.loc.gov/vocabulary/mediaTypes/c</marc:subfield>
		</marc:datafield>
		<marc:datafield tag="338" ind1=" " ind2=" ">
			<marc:subfield code="a">other</marc:subfield>
			<marc:subfield code="b">cz</marc:subfield>
			<marc:subfield code="2">rdacarrier</marc:subfield>
		</marc:datafield>
		<marc:datafield tag="500" ind1=" " ind2=" ">
			<marc:subfield code="a">Title from disc label.</marc:subfield>
		</marc:datafield>
		<marc:datafield tag="500" ind1=" " ind2=" ">
			<marc:subfield code="a">DVD-ROM also contains interviews with Ramsey Campbell, Lovecraftian scholar S.T. Joshi, game designers and adventure writers, trailers, music, photographs and printable props.</marc:subfield>
		</marc:datafield>
		<marc:datafield tag="520" ind1=" " ind2=" ">
			<marc:subfield code="a">"This disc features the recorded audio tales of tabletop roleplayers as they play through two of the greatest campaigns for Chaosium's Call of Cthulhu roleplaying game. Join the Bradford Players in their epic adventures (and mis-adventures) through Horror on the Orient Express and the Masks of Nyarlathotep"--Read Me notes.</marc:subfield>
		</marc:datafield>
		<marc:datafield tag="538" ind1=" " ind2=" ">
			<marc:subfield code="a">"Dual layer DVD ROM. Audio is in MP3 format. Video is in MP4 format. The interface is designed to be used on Windows/Mac/Linux and other computer platforms via a web-based (browser) interface"--Read Me notes.</marc:subfield>
		</marc:datafield>
		<marc:datafield tag="600" ind1="1" ind2="4">
			<marc:subfield code="a">Lovecraft, H. P.</marc:subfield>
			<marc:subfield code="q">(Howard Phillips)</marc:subfield>
			<marc:subfield code="d">1890-1937</marc:subfield>
			<marc:subfield code="x">Influence</marc:subfield>
			<marc:subfield code="1">http://viaf.org/viaf/66470391</marc:subfield>
		</marc:datafield>
		<marc:datafield tag="650" ind1=" " ind2="4">
			<marc:subfield code="a">Call of Cthulhu (Game)</marc:subfield>
		</marc:datafield>
		<marc:datafield tag="650" ind1=" " ind2="4">
			<marc:subfield code="a">Cthulhu mythos</marc:subfield>
		</marc:datafield>
		<marc:datafield tag="655" ind1=" " ind2="4">
			<marc:subfield code="a">DVD-ROM</marc:subfield>
		</marc:datafield>
		<marc:datafield tag="655" ind1=" " ind2="4">
			<marc:subfield code="a">Roleplaying games</marc:subfield>
			<marc:subfield code="v">Campains</marc:subfield>
		</marc:datafield>
		<marc:datafield tag="655" ind1=" " ind2="4">
			<marc:subfield code="a">Fiction</marc:subfield>
		</marc:datafield>
		<marc:datafield tag="655" ind1=" " ind2="4">
			<marc:subfield code="a">Horror</marc:subfield>
		</marc:datafield>
		<marc:datafield tag="655" ind1=" " ind2="4">
			<marc:subfield code="a">Fantasy</marc:subfield>
		</marc:datafield>
		<marc:datafield tag="700" ind1="1" ind2=" ">
			<marc:subfield code="a">Lovecraft, H. P.</marc:subfield>
			<marc:subfield code="q">(Howard Phillips)</marc:subfield>
			<marc:subfield code="d">1890-1937</marc:subfield>
			<marc:subfield code="i">adaption of work</marc:subfield>
			<marc:subfield code="t">The Call of Cthulhu</marc:subfield>
			<marc:subfield code="1">http://viaf.org/viaf/306129374</marc:subfield>
			<marc:subfield code="4">http://rdaregistry.info/Elements/w/adaptationOfWork.en</marc:subfield>
		</marc:datafield>
		<marc:datafield tag="700" ind1="1" ind2=" ">
			<marc:subfield code="a">Smith, Eric</marc:subfield>
			<marc:subfield code="e">illustrator</marc:subfield>
			<marc:subfield code="4">ill</marc:subfield>
			<marc:subfield code="1">http://viaf.org/viaf/37204852</marc:subfield>
		</marc:datafield>
		<marc:datafield tag="700" ind1="1" ind2=" ">
			<marc:subfield code="a">Launet, Francois</marc:subfield>
			<marc:subfield code="e">illustrator</marc:subfield>
			<marc:subfield code="4">ill</marc:subfield>
			<marc:subfield code="1">http://viaf.org/viaf/70013401</marc:subfield>
		</marc:datafield>
		<marc:datafield tag="710" ind1="2" ind2=" ">
			<marc:subfield code="a">Bradford Players.</marc:subfield>
		</marc:datafield>
	</marc:record>