
	<marc:record>
		<marc:leader>03609cgm a22004817a 4500</marc:leader>
		<marc:controlfield tag="001">021061631</marc:controlfield>
		<marc:controlfield tag="003">UkOxU</marc:controlfield>
		<marc:controlfield tag="005">20171208102630.0</marc:controlfield>
		<marc:controlfield tag="007">vd cvaiz|</marc:controlfield>
		<marc:controlfield tag="008">051121s2005    cau047            vlmul d</marc:controlfield>
		<marc:datafield tag="024" ind1="1" ind2="0">
			<marc:subfield code="a">837101095662</marc:subfield>
		</marc:datafield>
		<marc:datafield tag="035" ind1=" " ind2=" ">
			<marc:subfield code="a">(OCoLC)670116215</marc:subfield>
		</marc:datafield>
		<marc:datafield tag="040" ind1=" " ind2=" ">
			<marc:subfield code="a">VA@</marc:subfield>
			<marc:subfield code="b">eng</marc:subfield>
			<marc:subfield code="c">VA@</marc:subfield>
			<marc:subfield code="d">OCLCQ</marc:subfield>
			<marc:subfield code="d">CBT</marc:subfield>
			<marc:subfield code="d">OCLCQ</marc:subfield>
			<marc:subfield code="d">ZCU</marc:subfield>
			<marc:subfield code="d">OCLCF</marc:subfield>
			<marc:subfield code="d">OCLCO</marc:subfield>
			<marc:subfield code="d">OCL</marc:subfield>
			<marc:subfield code="d">OCLCQ</marc:subfield>
			<marc:subfield code="d">OCLCO</marc:subfield>
			<marc:subfield code="d">OCLCA</marc:subfield>
			<marc:subfield code="d">OCL</marc:subfield>
			<marc:subfield code="d">UkOxU</marc:subfield>
		</marc:datafield>
		<marc:datafield tag="130" ind1="1" ind2=" ">
			<marc:subfield code="t">The call of Cthulhu</marc:subfield>
		</marc:datafield>
		<marc:datafield tag="240" ind1=" " ind2=" ">
			<marc:subfield code="a">The Call of Cthulhu</marc:subfield>
			<marc:subfield code="1">https://www.imdb.com/title/tt0478988/</marc:subfield>
		</marc:datafield>
		<marc:datafield tag="245" ind1="0" ind2="4">
			<marc:subfield code="a">The call of Cthulhu /</marc:subfield>
			<marc:subfield code="c">HPLHS Motion Pictures presents ; directed by Andrew Leman ; produced by Sean Branney and Andrew Leman ; screen adaptation by Sean Branney.</marc:subfield>
		</marc:datafield>
		<marc:datafield tag="260" ind1=" " ind2=" ">
			<marc:subfield code="a">[Glendale, Calif.] :</marc:subfield>
			<marc:subfield code="b">HPLHS Motion Pictures,</marc:subfield>
			<marc:subfield code="c">©2005.</marc:subfield>
		</marc:datafield>
		<marc:datafield tag="300" ind1=" " ind2=" ">
			<marc:subfield code="a">1 videodisc (47 min.) :</marc:subfield>
			<marc:subfield code="b">silent, black and white ;</marc:subfield>
			<marc:subfield code="c">4 3/4 in.</marc:subfield>
		</marc:datafield>
		<marc:datafield tag="336" ind1=" " ind2=" ">
			<marc:subfield code="a">two-dimensional moving image</marc:subfield>
			<marc:subfield code="b">tdi</marc:subfield>
			<marc:subfield code="2">rdacontent</marc:subfield>
			<marc:subfield code="0">http://id.loc.gov/vocabulary/contentTypes/tdi</marc:subfield>
		</marc:datafield>
		<marc:datafield tag="337" ind1=" " ind2=" ">
			<marc:subfield code="a">video</marc:subfield>
			<marc:subfield code="b">v</marc:subfield>
			<marc:subfield code="2">rdamedia</marc:subfield>
			<marc:subfield code="0">http://id.loc.gov/vocabulary/mediaTypes/v</marc:subfield>
		</marc:datafield>
		<marc:datafield tag="338" ind1=" " ind2=" ">
			<marc:subfield code="a">videodisc</marc:subfield>
			<marc:subfield code="b">vd</marc:subfield>
			<marc:subfield code="2">rdacarrier</marc:subfield>
			<marc:subfield code="0">http://id.loc.gov/vocabulary/carriers/vd</marc:subfield>
		</marc:datafield>
		<marc:datafield tag="380" ind1=" " ind2=" ">
			<marc:subfield code="a">Videorecording</marc:subfield>
		</marc:datafield>
		<marc:datafield tag="538" ind1=" " ind2=" ">
			<marc:subfield code="a">DVD.</marc:subfield>
		</marc:datafield>
		<marc:datafield tag="511" ind1="1" ind2=" ">
			<marc:subfield code="a">Ramón Allen Jr., Leslie Baldwin, Daryl Ball, John Bolen, Aidan Branney, Andra Carlson, Michael Dalager, Erin Emmalee, Matthew Q. Fahey, Chad Fifer, Matt Foyer, Bruce Graham, Hannah Rose Jabaley, Ike E.Z. Jabaley, John Joly, Daniel Kirsner, John Klemantaski, Jennifer Knighton, Chris Lackey, Carlos Linares, Ralph Lucas, Richard Lucas, Barry Lynch, Matthew Malcomson, David Mersault, Dan Novy, Steven O'Connor, David Pavao, Kalafatic Poole, Noah Wagner, Erika Zucker, Susan Zucker.</marc:subfield>
		</marc:datafield>
		<marc:datafield tag="508" ind1=" " ind2=" ">
			<marc:subfield code="a">Photographed and edited by David Robertson ; music by Troy Sterling Nies, Ben Holbrook, Nicholas Pavkovic and Chad Fifer.</marc:subfield>
		</marc:datafield>
		<marc:datafield tag="500" ind1=" " ind2=" ">
			<marc:subfield code="a">Based on a story with the same title by H.P. Lovecraft.</marc:subfield>
		</marc:datafield>
		<marc:datafield tag="520" ind1=" " ind2=" ">
			<marc:subfield code="a">Written in 1926, just before the advent of "talking" pictures, The Call of Cthulhu, a tale of madness and monstrous creatures, is one of the most famous and influential tales of H.P. Lovecraft, the father of gothic horror. This film is done in the style of a classic 1920s silent movie using the "Mythoscope" process -- a mix of modern and vintage techniques. The H.P. Lovecraft Historical Society has worked to create the most authentic and faithful screen adaptation of a Lovecraft story yet attempted.</marc:subfield>
		</marc:datafield>
		<marc:datafield tag="500" ind1=" " ind2=" ">
			<marc:subfield code="a">Special features include trailer, making of short subject, production stills, deleted footage.</marc:subfield>
		</marc:datafield>
		<marc:datafield tag="546" ind1=" " ind2=" ">
			<marc:subfield code="a">Silent film with intertitles in 24 languages: Catalan, Croatian, Czech, Danish, Dutch, English, Euskera, Finnish, French, Galician, German, Hungarian, Irish, Italian, Lithuanian, Luxembourgish, Norwegian, Polish, Portuguese, Romanian, Spanish, Swedish, Turkish and Welsh.</marc:subfield>
		</marc:datafield>
		<marc:datafield tag="600" ind1="1" ind2="4">
			<marc:subfield code="a">Cthulhu</marc:subfield>
			<marc:subfield code="c">(Fictitious character)</marc:subfield>
			<marc:subfield code="1">http://viaf.org/viaf/43148874709149622928</marc:subfield>
		</marc:datafield>
		<marc:datafield tag="650" ind1=" " ind2="4">
			<marc:subfield code="a">Monsters</marc:subfield>
			<marc:subfield code="v">Drama.</marc:subfield>
		</marc:datafield>
		<marc:datafield tag="600" ind1="1" ind2="4">
			<marc:subfield code="a">Lovecraft, H. P.</marc:subfield>
			<marc:subfield code="q">(Howard Phillips)</marc:subfield>
			<marc:subfield code="d">1890-1937</marc:subfield>
			<marc:subfield code="e">influence</marc:subfield>
			<marc:subfield code="1">http://viaf.org/viaf/66470391</marc:subfield>
		</marc:datafield>
		<marc:datafield tag="650" ind1=" " ind2="4">
			<marc:subfield code="a">Cthulhu mythos</marc:subfield>
		</marc:datafield>
		<marc:datafield tag="650" ind1=" " ind2="4">
			<marc:subfield code="a">Monsters</marc:subfield>
		</marc:datafield>
		<marc:datafield tag="655" ind1=" " ind2="4">
			<marc:subfield code="a">Movie</marc:subfield>
		</marc:datafield>
		<marc:datafield tag="655" ind1=" " ind2="4">
			<marc:subfield code="a">Featurette</marc:subfield>
		</marc:datafield>
		<marc:datafield tag="655" ind1=" " ind2="4">
			<marc:subfield code="a">Fantasy</marc:subfield>
		</marc:datafield>
		<marc:datafield tag="655" ind1=" " ind2="4">
			<marc:subfield code="a">Horror</marc:subfield>
		</marc:datafield>
		<marc:datafield tag="700" ind1="1" ind2=" ">
			<marc:subfield code="a">Lovecraft, H. P.</marc:subfield>
			<marc:subfield code="q">(Howard Phillips)</marc:subfield>
			<marc:subfield code="d">1890-1937</marc:subfield>
			<marc:subfield code="i">adaption of work</marc:subfield>
			<marc:subfield code="t">The Call of Cthulhu</marc:subfield>
			<marc:subfield code="1">http://viaf.org/viaf/306129374</marc:subfield>
			<marc:subfield code="4">http://rdaregistry.info/Elements/w/adaptationOfWork.en</marc:subfield>
		</marc:datafield>
		<marc:datafield tag="700" ind1="1" ind2=" ">
			<marc:subfield code="a">Leman, Andrew</marc:subfield>
			<marc:subfield code="e">director</marc:subfield>
			<marc:subfield code="4">drt</marc:subfield>
			<marc:subfield code="1">http://viaf.org/viaf/4672065</marc:subfield>
		</marc:datafield>
		<marc:datafield tag="700" ind1="1" ind2=" ">
			<marc:subfield code="a">Branney, Sean</marc:subfield>
			<marc:subfield code="e">screenwriter</marc:subfield>
			<marc:subfield code="4">aus</marc:subfield>
			<marc:subfield code="1">http://viaf.org/viaf/9586779</marc:subfield>
		</marc:datafield>
		<marc:datafield tag="710" ind1="2" ind2=" ">
			<marc:subfield code="a">HPLHS Motion Pictures.</marc:subfield>
		</marc:datafield>
		<marc:datafield tag="710" ind1="2" ind2=" ">
			<marc:subfield code="a">H.P. Lovecraft Historical Society.</marc:subfield>
		</marc:datafield>
		<marc:datafield tag="856" ind1="4" ind2="2">
			<marc:subfield code="z">Internet Movie Database Summary and Reviews</marc:subfield>
			<marc:subfield code="u">http://www.imdb.com/title/tt0478988/</marc:subfield>
		</marc:datafield>
	</marc:record>